<?xml version="1.0" encoding="UTF-8"?>
<!DOCTYPE html PUBLIC "-//W3C//DTD XHTML 1.0 Transitional//EN"
    "http://www.w3.org/TR/xhtml1/DTD/xhtml1-transitional.dtd">
<html xmlns="http://www.w3.org/1999/xhtml" xml:lang="en" lang="en">
 <head>
  <title>
</title>
<meta http-equiv="Content-Type" content="text/html;charset=utf-8" />
  <meta name='ocr-system' content='tesseract 3.04.00' />
  <meta name='ocr-capabilities' content='ocr_page ocr_carea ocr_par ocr_line ocrx_word'/>
</head>
<body>
  <div class='ocr_page' id='page_1' title='image "./herodotimussive00collgoog_0358.png"; bbox 0 0 2817 4800; ppageno 0'>
   <div class='ocr_carea' id='block_1_1' title="bbox 485 310 608 366">
    <p class='ocr_par' dir='ltr' id='par_1_1' title="bbox 485 310 608 366">
     <span class='ocr_line' id='line_1_1' title="bbox 485 310 608 366; baseline -0.016 0"><span class='ocrx_word' id='word_1_1' title='bbox 485 310 608 366; x_wconf 76' lang='lat'>350</span> 
     </span>
    </p>
   </div>
   <div class='ocr_carea' id='block_1_2' title="bbox 413 438 1557 2707">
    <p class='ocr_par' dir='ltr' id='par_1_2' title="bbox 485 438 1557 670">
     <span class='ocr_line' id='line_1_2' title="bbox 551 438 1557 508; baseline -0.011 -10"><span class='ocrx_word' id='word_1_2' title='bbox 551 449 672 497; x_wconf 73' lang='lat' dir='ltr'>CAr·</span> <span class='ocrx_word' id='word_1_3' title='bbox 707 443 922 494; x_wconf 82' lang='lat' dir='ltr'>XLIII.</span> <span class='ocrx_word' id='word_1_4' title='bbox 963 442 1032 508; x_wconf 79' lang='lat'>[2.</span> <span class='ocrx_word' id='word_1_5' title='bbox 1071 439 1229 490; x_wconf 57' lang='lat' dir='ltr'>Anas)-</span> <span class='ocrx_word' id='word_1_6' title='bbox 1267 438 1531 504; x_wconf 61' lang='lat' dir='ltr'>taxamus]</span> <span class='ocrx_word' id='word_1_7' title='bbox 1548 487 1557 494; x_wconf 72' lang='grc'>,</span> 
     </span>
     <span class='ocr_line' id='line_1_3' title="bbox 485 520 1533 578; baseline -0.01 0"><span class='ocrx_word' id='word_1_8' title='bbox 485 530 642 578; x_wconf 87' lang='lat' dir='ltr'>Iidem</span> <span class='ocrx_word' id='word_1_9' title='bbox 674 528 739 576; x_wconf 87' lang='lat' dir='ltr'>ad</span> <span class='ocrx_word' id='word_1_10' title='bbox 772 524 1086 575; x_wconf 82' lang='lat' dir='ltr'>Artemisium</span> <span class='ocrx_word' id='word_1_11' title='bbox 1129 521 1318 571; x_wconf 78' lang='lat' dir='ltr'>nonnisi</span> <span class='ocrx_word' id='word_1_12' title='bbox 1365 520 1533 570; x_wconf 86' lang='lat' dir='ltr'>decem</span> 
     </span>
     <span class='ocr_line' id='line_1_4' title="bbox 486 605 1096 670; baseline -0.011 -10"><span class='ocrx_word' id='word_1_13' title='bbox 486 612 763 666; x_wconf 74' lang='lat' dir='ltr'><strong>habuerant,</strong></span> <span class='ocrx_word' id='word_1_14' title='bbox 788 623 828 656; x_wconf 86' lang='lat' dir='ltr'>c.</span> <span class='ocrx_word' id='word_1_15' title='bbox 863 613 906 666; x_wconf 89' lang='lat'>1,</span> <span class='ocrx_word' id='word_1_16' title='bbox 931 611 977 654; x_wconf 88' lang='grc'>8.</span> <span class='ocrx_word' id='word_1_17' title='bbox 1019 605 1096 670; x_wconf 79' lang='grc'><strong>8.]</strong></span> 
     </span>
    </p>

    <p class='ocr_par' dir='ltr' id='par_1_3' title="bbox 413 683 1541 2611">
     <span class='ocr_line' id='line_1_5' title="bbox 551 683 1533 751; baseline -0.009 -12"><span class='ocrx_word' id='word_1_18' title='bbox 551 695 596 740; x_wconf 87' lang='grc'><strong>7.</strong></span> <span class='ocrx_word' id='word_1_19' title='bbox 637 687 850 739; x_wconf 60' lang='lat' dir='ltr'>Manum»</span> <span class='ocrx_word' id='word_1_20' title='bbox 881 686 1010 751; x_wconf 61' lang='grc' dir='ltr'>ἴδιος]</span> <span class='ocrx_word' id='word_1_21' title='bbox 1051 685 1282 734; x_wconf 75' lang='lat' dir='ltr'>P1&#39;oeclnre</span> <span class='ocrx_word' id='word_1_22' title='bbox 1303 700 1363 733; x_wconf 78' lang='lat' dir='ltr'>ex</span> <span class='ocrx_word' id='word_1_23' title='bbox 1385 683 1533 746; x_wconf 77' lang='lat' dir='ltr'>scrip-</span> 
     </span>
     <span class='ocr_line' id='line_1_6' title="bbox 485 767 1527 830; baseline -0.004 -11"><span class='ocrx_word' id='word_1_24' title='bbox 485 771 547 820; x_wconf 88' lang='lat' dir='ltr'>tis</span> <span class='ocrx_word' id='word_1_25' title='bbox 589 770 937 830; x_wconf 77' lang='lat' dir='ltr'><strong>exemplaribus</strong></span> <span class='ocrx_word' id='word_1_26' title='bbox 985 767 1075 816; x_wconf 81' lang='lat' dir='ltr'>Vir</span> <span class='ocrx_word' id='word_1_27' title='bbox 1118 767 1299 826; x_wconf 85' lang='lat' dir='ltr'>celeb.;</span> <span class='ocrx_word' id='word_1_28' title='bbox 1335 767 1402 814; x_wconf 86' lang='lat' dir='ltr'>sic</span> <span class='ocrx_word' id='word_1_29' title='bbox 1445 767 1527 815; x_wconf 89' lang='lat' dir='ltr'>lib.</span> 
     </span>
     <span class='ocr_line' id='line_1_7' title="bbox 489 847 1529 910; baseline -0.008 -10"><span class='ocrx_word' id='word_1_30' title='bbox 489 852 533 900; x_wconf 90' lang='grc' dir='ltr'><strong>Ι.</strong></span> <span class='ocrx_word' id='word_1_31' title='bbox 555 855 651 910; x_wconf 56' lang='lat'>,56.</span> <span class='ocrx_word' id='word_1_32' title='bbox 710 850 871 898; x_wconf 85' lang='lat' dir='ltr'>Multa</span> <span class='ocrx_word' id='word_1_33' title='bbox 897 848 971 897; x_wconf 77' lang='lat' dir='ltr'>cl.</span> <span class='ocrx_word' id='word_1_34' title='bbox 1003 847 1274 905; x_wconf 74' lang='lat' dir='ltr'>Salmasius,</span> <span class='ocrx_word' id='word_1_35' title='bbox 1295 847 1357 894; x_wconf 89' lang='lat' dir='ltr'>de</span> <span class='ocrx_word' id='word_1_36' title='bbox 1381 847 1529 910; x_wconf 81' lang='lat' dir='ltr'>Ling.</span> 
     </span>
     <span class='ocr_line' id='line_1_8' title="bbox 490 927 1535 992; baseline -0.004 -14"><span class='ocrx_word' id='word_1_37' title='bbox 490 931 746 978; x_wconf 79' lang='lat' dir='ltr'>Hellenist.</span> <span class='ocrx_word' id='word_1_38' title='bbox 784 946 831 992; x_wconf 91' lang='lat' dir='ltr'>p.</span> <span class='ocrx_word' id='word_1_39' title='bbox 870 935 982 979; x_wconf 91' lang='grc'><strong>279.</strong></span> <span class='ocrx_word' id='word_1_40' title='bbox 1017 938 1066 976; x_wconf 83' lang='lat' dir='ltr'>et</span> <span class='ocrx_word' id='word_1_41' title='bbox 1085 944 1246 992; x_wconf 79' lang='lat' dir='ltr'>seqq-3</span> <span class='ocrx_word' id='word_1_42' title='bbox 1280 929 1420 990; x_wconf 83' lang='lat' dir='ltr'>cujus</span> <span class='ocrx_word' id='word_1_43' title='bbox 1440 927 1535 974; x_wconf 88' lang='lat' dir='ltr'>sol-</span> 
     </span>
     <span class='ocr_line' id='line_1_9' title="bbox 485 1009 1535 1076; baseline -0.006 -16"><span class='ocrx_word' id='word_1_44' title='bbox 485 1013 616 1060; x_wconf 91' lang='lat' dir='ltr'>licita</span> <span class='ocrx_word' id='word_1_45' title='bbox 635 1011 914 1076; x_wconf 80' lang='lat' dir='ltr'>disquisitio,</span> <span class='ocrx_word' id='word_1_46' title='bbox 949 1026 1012 1058; x_wconf 86' lang='lat' dir='ltr'>an</span> <span class='ocrx_word' id='word_1_47' title='bbox 1037 1009 1262 1072; x_wconf 76' lang='lat' dir='ltr'>DryopiS,</span> <span class='ocrx_word' id='word_1_48' title='bbox 1285 1025 1344 1058; x_wconf 83' lang='lat' dir='ltr'>ex</span> <span class='ocrx_word' id='word_1_49' title='bbox 1363 1025 1463 1072; x_wconf 83' lang='lat' dir='ltr'>qua</span> <span class='ocrx_word' id='word_1_50' title='bbox 1482 1009 1535 1055; x_wconf 92' lang='lat' dir='ltr'>in</span> 
     </span>
     <span class='ocr_line' id='line_1_10' title="bbox 493 1090 1535 1156; baseline -0.004 -14"><span class='ocrx_word' id='word_1_51' title='bbox 493 1094 880 1156; x_wconf 73' lang='lat' dir='ltr'>Peloponnesum</span> <span class='ocrx_word' id='word_1_52' title='bbox 900 1101 1147 1149; x_wconf 80' lang='lat' dir='ltr'>venerunt,</span> <span class='ocrx_word' id='word_1_53' title='bbox 1172 1106 1228 1138; x_wconf 86' lang='lat' dir='ltr'>ea</span> <span class='ocrx_word' id='word_1_54' title='bbox 1241 1090 1401 1150; x_wconf 74' lang='lat' dir='ltr'>fuerit,</span> <span class='ocrx_word' id='word_1_55' title='bbox 1426 1106 1535 1154; x_wconf 75' lang='lat' dir='ltr'>quae</span> 
     </span>
     <span class='ocr_line' id='line_1_11' title="bbox 488 1173 1529 1238; baseline -0.006 -14"><span class='ocrx_word' id='word_1_56' title='bbox 488 1177 548 1224; x_wconf 91' lang='lat' dir='ltr'>ab</span> <span class='ocrx_word' id='word_1_57' title='bbox 580 1178 698 1224; x_wconf 86' lang='lat' dir='ltr'>urbe</span> <span class='ocrx_word' id='word_1_58' title='bbox 733 1176 931 1238; x_wconf 78' lang='lat' dir='ltr'>Dryope</span> <span class='ocrx_word' id='word_1_59' title='bbox 951 1173 1081 1235; x_wconf 88' lang='lat' dir='ltr'>apud</span> <span class='ocrx_word' id='word_1_60' title='bbox 1108 1174 1334 1235; x_wconf 86' lang='lat' dir='ltr'>Stephan.</span> <span class='ocrx_word' id='word_1_61' title='bbox 1408 1173 1529 1237; x_wconf 71' lang='lat' dir='ltr'>Byz-</span> 
     </span>
     <span class='ocr_line' id='line_1_12' title="bbox 487 1252 1533 1312; baseline -0.004 -9"><span class='ocrx_word' id='word_1_62' title='bbox 487 1255 614 1305; x_wconf 82' lang='lat' dir='ltr'>dicta</span> <span class='ocrx_word' id='word_1_63' title='bbox 645 1259 716 1304; x_wconf 83' lang='lat' dir='ltr'>‘est</span> <span class='ocrx_word' id='word_1_64' title='bbox 747 1256 872 1304; x_wconf 84' lang='lat' dir='ltr'>circa</span> <span class='ocrx_word' id='word_1_65' title='bbox 907 1255 1312 1302; x_wconf 87' lang='lat' dir='ltr'>Hermionensem</span> <span class='ocrx_word' id='word_1_66' title='bbox 1356 1252 1533 1312; x_wconf 88' lang='lat' dir='ltr'>sinum,</span> 
     </span>
     <span class='ocr_line' id='line_1_13' title="bbox 492 1335 1537 1402; baseline -0.003 -16"><span class='ocrx_word' id='word_1_67' title='bbox 492 1338 724 1402; x_wconf 82' lang='lat' dir='ltr'>Argolico</span> <span class='ocrx_word' id='word_1_68' title='bbox 755 1337 1042 1398; x_wconf 84' lang='lat' dir='ltr'>proximum,</span> <span class='ocrx_word' id='word_1_69' title='bbox 1091 1335 1352 1384; x_wconf 84' lang='lat' dir='ltr'>faciliorem</span> <span class='ocrx_word' id='word_1_70' title='bbox 1395 1343 1537 1383; x_wconf 85' lang='lat' dir='ltr'>nacta</span> 
     </span>
     <span class='ocr_line' id='line_1_14' title="bbox 487 1419 1536 1481; baseline -0.002 -13"><span class='ocrx_word' id='word_1_71' title='bbox 487 1422 669 1468; x_wconf 82' lang='lat' dir='ltr'>exitum</span> <span class='ocrx_word' id='word_1_72' title='bbox 707 1419 889 1478; x_wconf 84' lang='lat' dir='ltr'>fuisset,</span> <span class='ocrx_word' id='word_1_73' title='bbox 933 1419 1079 1468; x_wconf 89' lang='lat' dir='ltr'>modo</span> <span class='ocrx_word' id='word_1_74' title='bbox 1125 1420 1178 1466; x_wconf 90' lang='lat' dir='ltr'>in</span> <span class='ocrx_word' id='word_1_75' title='bbox 1227 1428 1390 1481; x_wconf 85' lang='lat' dir='ltr'>parato</span> <span class='ocrx_word' id='word_1_76' title='bbox 1432 1421 1536 1466; x_wconf 81' lang='lat' dir='ltr'>haec</span> 
     </span>
     <span class='ocr_line' id='line_1_15' title="bbox 490 1499 1535 1550; baseline -0.003 0"><span class='ocrx_word' id='word_1_77' title='bbox 490 1501 656 1550; x_wconf 84' lang='lat' dir='ltr'>Nostri</span> <span class='ocrx_word' id='word_1_78' title='bbox 687 1501 972 1549; x_wconf 76' lang='lat' dir='ltr'>adfuissent:</span> <span class='ocrx_word' id='word_1_79' title='bbox 1012 1500 1176 1548; x_wconf 81' lang='lat' dir='ltr'>finitur</span> <span class='ocrx_word' id='word_1_80' title='bbox 1209 1501 1337 1548; x_wconf 90' lang='lat' dir='ltr'>enim</span> <span class='ocrx_word' id='word_1_81' title='bbox 1371 1509 1421 1548; x_wconf 88' lang='lat' dir='ltr'>et</span> <span class='ocrx_word' id='word_1_82' title='bbox 1452 1499 1535 1547; x_wconf 88' lang='lat' dir='ltr'>de-</span> 
     </span>
     <span class='ocr_line' id='line_1_16' title="bbox 413 1581 1537 1643; baseline -0.002 -13"><span class='ocrx_word' id='word_1_83' title='bbox 413 1617 424 1630; x_wconf 69' lang='lat'>,</span> <span class='ocrx_word' id='word_1_84' title='bbox 485 1581 717 1635; x_wconf 78' lang='lat' dir='ltr'>scribitur,</span> <span class='ocrx_word' id='word_1_85' title='bbox 745 1591 800 1628; x_wconf 90' lang='lat' dir='ltr'>ut</span> <span class='ocrx_word' id='word_1_86' title='bbox 821 1582 881 1629; x_wconf 90' lang='lat' dir='ltr'>de</span> <span class='ocrx_word' id='word_1_87' title='bbox 901 1581 1006 1643; x_wconf 81' lang='lat' dir='ltr'>ejus</span> <span class='ocrx_word' id='word_1_88' title='bbox 1025 1581 1118 1629; x_wconf 88' lang='lat' dir='ltr'>situ</span> <span class='ocrx_word' id='word_1_89' title='bbox 1141 1581 1286 1629; x_wconf 85' lang='lat' dir='ltr'>dubia</span> <span class='ocrx_word' id='word_1_90' title='bbox 1315 1582 1537 1630; x_wconf 87' lang='lat' dir='ltr'>auferan-</span> 
     </span>
     <span class='ocr_line' id='line_1_17' title="bbox 487 1650 1537 1718; baseline -0.001 -7"><span class='ocrx_word' id='word_1_91' title='bbox 487 1673 567 1712; x_wconf 88' lang='lat' dir='ltr'>tur</span> <span class='ocrx_word' id='word_1_92' title='bbox 585 1650 763 1712; x_wconf 68' lang='lat' dir='ltr'>omnia&#39;.</span> <span class='ocrx_word' id='word_1_93' title='bbox 837 1661 1210 1710; x_wconf 86' lang='lat' dir='ltr'>Hermionenses</span> <span class='ocrx_word' id='word_1_94' title='bbox 1223 1671 1402 1718; x_wconf 87' lang='lat' dir='ltr'>autem,</span> <span class='ocrx_word' id='word_1_95' title='bbox 1424 1677 1537 1710; x_wconf 89' lang='lat' dir='ltr'>cum</span> 
     </span>
     <span class='ocr_line' id='line_1_18' title="bbox 493 1741 1538 1806; baseline -0.003 -13"><span class='ocrx_word' id='word_1_96' title='bbox 493 1746 728 1806; x_wconf 77' lang='lat' dir='ltr'>Dryopes,</span> <span class='ocrx_word' id='word_1_97' title='bbox 751 1744 810 1790; x_wconf 87' lang='lat' dir='ltr'>ab</span> <span class='ocrx_word' id='word_1_98' title='bbox 835 1741 1050 1791; x_wconf 82' lang='lat' dir='ltr'>Hercule</span> <span class='ocrx_word' id='word_1_99' title='bbox 1066 1743 1285 1805; x_wconf 86' lang='lat' dir='ltr'>superati,</span> <span class='ocrx_word' id='word_1_100' title='bbox 1310 1743 1538 1790; x_wconf 78' lang='lat' dir='ltr'>aliorsum</span> 
     </span>
     <span class='ocr_line' id='line_1_19' title="bbox 491 1824 1535 1887; baseline 0 -14"><span class='ocrx_word' id='word_1_101' title='bbox 491 1825 854 1883; x_wconf 86' lang='lat' dir='ltr'>deducerentur,</span> <span class='ocrx_word' id='word_1_102' title='bbox 889 1824 1038 1883; x_wconf 85' lang='lat' dir='ltr'>sedes,</span> <span class='ocrx_word' id='word_1_103' title='bbox 1071 1840 1190 1887; x_wconf 87' lang='lat' dir='ltr'>quas</span> <span class='ocrx_word' id='word_1_104' title='bbox 1222 1824 1445 1884; x_wconf 87' lang='lat' dir='ltr'>dein&#39;ceps</span> <span class='ocrx_word' id='word_1_105' title='bbox 1464 1834 1535 1873; x_wconf 87' lang='lat' dir='ltr'>te-</span> 
     </span>
     <span class='ocr_line' id='line_1_20' title="bbox 490 1906 1531 1968; baseline -0.002 -14"><span class='ocrx_word' id='word_1_106' title='bbox 490 1915 714 1964; x_wconf 85' lang='lat' dir='ltr'>nuerunt,</span> <span class='ocrx_word' id='word_1_107' title='bbox 738 1906 1008 1968; x_wconf 79' lang='lat' dir='ltr'>inpetrasse,</span> <span class='ocrx_word' id='word_1_108' title='bbox 1038 1906 1304 1954; x_wconf 84' lang='lat' dir='ltr'>Pausanias</span> <span class='ocrx_word' id='word_1_109' title='bbox 1325 1907 1407 1954; x_wconf 86' lang='lat' dir='ltr'>lib..</span> <span class='ocrx_word' id='word_1_110' title='bbox 1437 1907 1531 1954; x_wconf 89' lang='lat' dir='ltr'>IV.</span> 
     </span>
     <span class='ocr_line' id='line_1_21' title="bbox 492 1983 1539 2053; baseline -0.004 -15"><span class='ocrx_word' id='word_1_111' title='bbox 492 1996 569 2039; x_wconf 81' lang='lat'>34.</span> <span class='ocrx_word' id='word_1_112' title='bbox 595 2005 708 2053; x_wconf 80' lang='lat' dir='ltr'>pag·</span> <span class='ocrx_word' id='word_1_113' title='bbox 731 1995 844 2038; x_wconf 93' lang='grc'><strong>566.</strong></span> <span class='ocrx_word' id='word_1_114' title='bbox 873 2004 972 2036; x_wconf 91' lang='lat' dir='ltr'>non</span> <span class='ocrx_word' id='word_1_115' title='bbox 1001 1999 1173 2052; x_wconf 87' lang='lat' dir='ltr'>negat;</span> <span class='ocrx_word' id='word_1_116' title='bbox 1213 1988 1326 2036; x_wconf 85' lang='lat' dir='ltr'>alibi</span> <span class='ocrx_word' id='word_1_117' title='bbox 1347 1983 1539 2036; x_wconf 76' lang='lat' dir='ltr'>eosdem</span> 
     </span>
     <span class='ocr_line' id='line_1_22' title="bbox 490 2069 1541 2141; baseline -0.005 -18"><span class='ocrx_word' id='word_1_118' title='bbox 490 2075 660 2141; x_wconf 63' lang='lat' dir='ltr'>Avgn&#39;c’o</span> <span class='ocrx_word' id='word_1_119' title='bbox 687 2072 786 2126; x_wconf 66' lang='grc' dir='ltr'>τοὺς</span> <span class='ocrx_word' id='word_1_120' title='bbox 809 2073 852 2132; x_wconf 68' lang='grc' dir='ltr'>ἔξ</span> <span class='ocrx_word' id='word_1_121' title='bbox 864 2071 1052 2136; x_wconf 63' lang='grc' dir='ltr'><strong><em>Ἄργους</em></strong></span> <span class='ocrx_word' id='word_1_122' title='bbox 1076 2069 1332 2131; x_wconf 73' lang='lat' dir='ltr'>adpellans,</span> <span class='ocrx_word' id='word_1_123' title='bbox 1356 2070 1439 2117; x_wconf 85' lang='lat' dir='ltr'>lib.</span> <span class='ocrx_word' id='word_1_124' title='bbox 1465 2070 1541 2118; x_wconf 86' lang='grc' dir='ltr'><strong>ῙῙ.</strong></span> 
     </span>
     <span class='ocr_line' id='line_1_23' title="bbox 487 2150 1541 2215; baseline -0.006 -11"><span class='ocrx_word' id='word_1_125' title='bbox 487 2161 566 2204; x_wconf 84' lang='grc'><strong>54.</strong></span> <span class='ocrx_word' id='word_1_126' title='bbox 595 2170 642 2215; x_wconf 86' lang='lat' dir='ltr'>p.</span> <span class='ocrx_word' id='word_1_127' title='bbox 664 2158 793 2207; x_wconf 77' lang='lat'><strong>192„</strong></span> <span class='ocrx_word' id='word_1_128' title='bbox 819 2152 1047 2215; x_wconf 85' lang='lat' dir='ltr'>quoniam</span> <span class='ocrx_word' id='word_1_129' title='bbox 1073 2151 1264 2198; x_wconf 82' lang='lat' dir='ltr'>Asinen</span> <span class='ocrx_word' id='word_1_130' title='bbox 1298 2150 1541 2215; x_wconf 78' lang='lat' dir='ltr'>Argolicae</span> 
     </span>
     <span class='ocr_line' id='line_1_24' title="bbox 487 2233 1538 2300; baseline -0.003 -17"><span class='ocrx_word' id='word_1_131' title='bbox 487 2235 712 2300; x_wconf 78' lang='lat' dir='ltr'>regionis,</span> <span class='ocrx_word' id='word_1_132' title='bbox 735 2242 792 2281; x_wconf 92' lang='lat' dir='ltr'>ut</span> <span class='ocrx_word' id='word_1_133' title='bbox 805 2233 894 2294; x_wconf 81' lang='lat' dir='ltr'>ipsi</span> <span class='ocrx_word' id='word_1_134' title='bbox 904 2233 1163 2296; x_wconf 83' lang='lat' dir='ltr'>jactabant,</span> <span class='ocrx_word' id='word_1_135' title='bbox 1181 2235 1241 2280; x_wconf 86' lang='lat' dir='ltr'>ab</span> <span class='ocrx_word' id='word_1_136' title='bbox 1265 2233 1538 2291; x_wconf 84' lang='lat' dir='ltr'>Euristheo,</span> 
     </span>
     <span class='ocr_line' id='line_1_25' title="bbox 497 2313 1541 2372; baseline -0.002 -7"><span class='ocrx_word' id='word_1_137' title='bbox 497 2315 726 2365; x_wconf 86' lang='lat' dir='ltr'>Herculis</span> <span class='ocrx_word' id='word_1_138' title='bbox 776 2313 988 2372; x_wconf 88' lang='lat' dir='ltr'>inimico,</span> <span class='ocrx_word' id='word_1_139' title='bbox 1034 2330 1301 2362; x_wconf 86' lang='lat' dir='ltr'>concessam</span> <span class='ocrx_word' id='word_1_140' title='bbox 1358 2315 1541 2363; x_wconf 81' lang='lat' dir='ltr'>habita-</span> 
     </span>
     <span class='ocr_line' id='line_1_26' title="bbox 491 2395 1540 2456; baseline -0.004 -7"><span class='ocrx_word' id='word_1_141' title='bbox 491 2408 612 2449; x_wconf 78' lang='lat' dir='ltr'>rant.</span> <span class='ocrx_word' id='word_1_142' title='bbox 685 2396 869 2445; x_wconf 88' lang='lat' dir='ltr'>Verum</span> <span class='ocrx_word' id='word_1_143' title='bbox 889 2395 942 2443; x_wconf 88' lang='lat' dir='ltr'>in</span> <span class='ocrx_word' id='word_1_144' title='bbox 963 2396 1155 2456; x_wconf 78' lang='lat' dir='ltr'>talibus,</span> <span class='ocrx_word' id='word_1_145' title='bbox 1187 2400 1250 2445; x_wconf 92' lang='lat' dir='ltr'>ob</span> <span class='ocrx_word' id='word_1_146' title='bbox 1271 2397 1445 2445; x_wconf 80' lang='lat' dir='ltr'>civium</span> <span class='ocrx_word' id='word_1_147' title='bbox 1468 2397 1540 2445; x_wconf 88' lang='lat' dir='ltr'>di-</span> 
     </span>
     <span class='ocr_line' id='line_1_27' title="bbox 491 2478 1541 2541; baseline -0.005 -12"><span class='ocrx_word' id='word_1_148' title='bbox 491 2498 625 2529; x_wconf 82' lang='lat' dir='ltr'>versa</span> <span class='ocrx_word' id='word_1_149' title='bbox 645 2480 802 2528; x_wconf 81' lang='lat' dir='ltr'>studia</span> <span class='ocrx_word' id='word_1_150' title='bbox 837 2488 885 2525; x_wconf 91' lang='lat' dir='ltr'>et</span> <span class='ocrx_word' id='word_1_151' title='bbox 905 2479 1224 2541; x_wconf 85' lang='lat' dir='ltr'>gloriationes,</span> <span class='ocrx_word' id='word_1_152' title='bbox 1247 2478 1415 2525; x_wconf 80' lang='lat' dir='ltr'>multae</span> <span class='ocrx_word' id='word_1_153' title='bbox 1445 2478 1541 2525; x_wconf 82' lang='lat' dir='ltr'>dis-</span> 
     </span>
     <span class='ocr_line' id='line_1_28' title="bbox 489 2563 970 2611; baseline -0.004 0"><span class='ocrx_word' id='word_1_154' title='bbox 489 2563 740 2611; x_wconf 81' lang='lat' dir='ltr'>sensiones.</span> <span class='ocrx_word' id='word_1_155' title='bbox 813 2564 970 2611; x_wconf 69' lang='lat' dir='ltr'>wass-</span> 
     </span>
    </p>

    <p class='ocr_par' dir='ltr' id='par_1_4' title="bbox 563 2641 1539 2707">
     <span class='ocr_line' id='line_1_29' title="bbox 563 2641 1539 2707; baseline -0.004 -16"><span class='ocrx_word' id='word_1_156' title='bbox 563 2644 684 2692; x_wconf 70' lang='lat' dir='ltr'>Cn.</span> <span class='ocrx_word' id='word_1_157' title='bbox 729 2643 930 2693; x_wconf 78' lang='lat' dir='ltr'><strong>XLIV·</strong></span> <span class='ocrx_word' id='word_1_158' title='bbox 982 2641 1150 2707; x_wconf 75' lang='lat'><strong>[1—3·</strong></span> <span class='ocrx_word' id='word_1_159' title='bbox 1198 2642 1405 2691; x_wconf 57' lang='grc' dir='ltr'>Ἀθηναῖοι</span> <span class='ocrx_word' id='word_1_160' title='bbox 1446 2641 1539 2702; x_wconf 64' lang='grc' dir='ltr'>μὶν,</span> 
     </span>
    </p>
   </div>
   <div class='ocr_carea' id='block_1_3' title="bbox 494 2725 1108 2791">
    <p class='ocr_par' dir='ltr' id='par_1_5' title="bbox 494 2725 1108 2791">
     <span class='ocr_line' id='line_1_30' title="bbox 494 2725 1108 2791; baseline -0.002 -20"><span class='ocrx_word' id='word_1_161' title='bbox 494 2725 596 2791; x_wconf 60' lang='grc' dir='ltr'>τρεῖς</span> <span class='ocrx_word' id='word_1_162' title='bbox 621 2725 794 2779; x_wconf 52' lang='grc' dir='ltr'>’ὄντας</span> <span class='ocrx_word' id='word_1_163' title='bbox 819 2726 916 2777; x_wconf 67' lang='grc' dir='ltr'>τοὺς</span> <span class='ocrx_word' id='word_1_164' title='bbox 941 2725 1108 2791; x_wconf 69' lang='grc' dir='ltr'><strong><em>ἔλλοιις</em></strong></span> 
     </span>
    </p>
   </div>
   <div class='ocr_carea' id='block_1_4' title="bbox 1130 2748 1259 2760">
    <p class='ocr_par' dir='ltr' id='par_1_6' title="bbox 1130 2748 1259 2760">
     <span class='ocr_line' id='line_1_31' title="bbox 1130 2748 1259 2760; baseline 0 0"><span class='ocrx_word' id='word_1_165' title='bbox 1130 2748 1259 2760; x_wconf 95' lang='lat' dir='ltr'> </span> 
     </span>
    </p>
   </div>
   <div class='ocr_carea' id='block_1_5' title="bbox 469 2722 1565 4165">
    <p class='ocr_par' dir='ltr' id='par_1_7' title="bbox 491 2722 1543 3018">
     <span class='ocr_line' id='line_1_32' title="bbox 1282 2722 1543 2783; baseline -0.011 -11"><span class='ocrx_word' id='word_1_166' title='bbox 1282 2724 1382 2775; x_wconf 68' lang='grc' dir='ltr'>νῆας</span> <span class='ocrx_word' id='word_1_167' title='bbox 1404 2722 1543 2783; x_wconf 57' lang='lat'><em>3736-</em></span> 
     </span>
     <span class='ocr_line' id='line_1_33' title="bbox 495 2804 1543 2873; baseline -0.002 -20"><span class='ocrx_word' id='word_1_168' title='bbox 495 2827 631 2854; x_wconf 64' lang='grc' dir='ltr'><strong><em>κοντα</em></strong></span> <span class='ocrx_word' id='word_1_169' title='bbox 653 2808 732 2855; x_wconf 68' lang='grc' dir='ltr'>καὶ</span> <span class='ocrx_word' id='word_1_170' title='bbox 756 2806 934 2873; x_wconf 64' lang='lat' dir='ltr'>inae-iv]</span> <span class='ocrx_word' id='word_1_171' title='bbox 961 2807 1076 2872; x_wconf 66' lang='grc' dir='ltr'>Πρὸς</span> <span class='ocrx_word' id='word_1_172' title='bbox 1102 2807 1295 2862; x_wconf 63' lang='grc' dir='ltr'>πάντας,</span> <span class='ocrx_word' id='word_1_173' title='bbox 1311 2822 1417 2867; x_wconf 81' lang='lat' dir='ltr'>prae</span> <span class='ocrx_word' id='word_1_174' title='bbox 1438 2804 1543 2851; x_wconf 76' lang='lat' dir='ltr'>aliis</span> 
     </span>
     <span class='ocr_line' id='line_1_34' title="bbox 492 2887 1543 2947; baseline -0.001 -12"><span class='ocrx_word' id='word_1_175' title='bbox 492 2887 730 2947; x_wconf 87' lang='lat' dir='ltr'>omnibus,</span> <span class='ocrx_word' id='word_1_176' title='bbox 751 2888 878 2937; x_wconf 82' lang='lat' dir='ltr'>conf.</span> <span class='ocrx_word' id='word_1_177' title='bbox 903 2888 976 2935; x_wconf 88' lang='lat'>11.</span> <span class='ocrx_word' id='word_1_178' title='bbox 998 2892 1080 2944; x_wconf 81' lang='lat'>35,</span> <span class='ocrx_word' id='word_1_179' title='bbox 1105 2893 1152 2935; x_wconf 92' lang='grc'><strong>5.</strong></span> <span class='ocrx_word' id='word_1_180' title='bbox 1178 2887 1287 2935; x_wconf 89' lang='grc' dir='ltr'><strong>ῙΙΙ.</strong></span> <span class='ocrx_word' id='word_1_181' title='bbox 1315 2891 1395 2943; x_wconf 82' lang='grc'>94,</span> <span class='ocrx_word' id='word_1_182' title='bbox 1422 2893 1465 2935; x_wconf 91' lang='grc'>9.</span> <span class='ocrx_word' id='word_1_183' title='bbox 1494 2895 1543 2934; x_wconf 90' lang='lat' dir='ltr'>et</span> 
     </span>
     <span class='ocr_line' id='line_1_35' title="bbox 491 2966 1541 3018; baseline -0.001 -3"><span class='ocrx_word' id='word_1_184' title='bbox 491 2968 558 3017; x_wconf 84' lang='lat' dir='ltr'>ibi</span> <span class='ocrx_word' id='word_1_185' title='bbox 593 2979 689 3017; x_wconf 77' lang='lat' dir='ltr'>not.</span> <span class='ocrx_word' id='word_1_186' title='bbox 765 2971 844 3018; x_wconf 85' lang='lat' dir='ltr'>De</span> <span class='ocrx_word' id='word_1_187' title='bbox 877 2985 1080 3018; x_wconf 88' lang='lat' dir='ltr'>numero</span> <span class='ocrx_word' id='word_1_188' title='bbox 1113 2986 1291 3017; x_wconf 60' lang='lat' dir='ltr'>cmxxx.</span> <span class='ocrx_word' id='word_1_189' title='bbox 1338 2968 1449 3015; x_wconf 82' lang='lat' dir='ltr'>vide</span> <span class='ocrx_word' id='word_1_190' title='bbox 1478 2966 1541 3015; x_wconf 90' lang='lat' dir='ltr'>ad</span> 
     </span>
    </p>

    <p class='ocr_par' dir='ltr' id='par_1_8' title="bbox 469 3052 1565 3682">
     <span class='ocr_line' id='line_1_36' title="bbox 469 3052 1565 3113; baseline -0.003 -14"><span class='ocrx_word' id='word_1_191' title='bbox 469 3067 595 3113; x_wconf 82' lang='lat' dir='ltr'>·cap.</span> <span class='ocrx_word' id='word_1_192' title='bbox 638 3058 686 3110; x_wconf 81' lang='lat'>1,</span> <span class='ocrx_word' id='word_1_193' title='bbox 719 3058 762 3099; x_wconf 89' lang='grc'><strong>2.</strong></span> <span class='ocrx_word' id='word_1_194' title='bbox 796 3061 969 3100; x_wconf 85' lang='lat' dir='ltr'>notata.</span> <span class='ocrx_word' id='word_1_195' title='bbox 1043 3052 1237 3099; x_wconf 87' lang='lat' dir='ltr'>Mireris</span> <span class='ocrx_word' id='word_1_196' title='bbox 1273 3066 1400 3108; x_wconf 84' lang='lat' dir='ltr'>vero,</span> <span class='ocrx_word' id='word_1_197' title='bbox 1444 3064 1565 3113; x_wconf 85' lang='lat' dir='ltr'>quo·</span> 
     </span>
     <span class='ocr_line' id='line_1_37' title="bbox 493 3132 1541 3195; baseline -0.001 -16"><span class='ocrx_word' id='word_1_198' title='bbox 493 3142 632 3193; x_wconf 84' lang='lat' dir='ltr'>pacto</span> <span class='ocrx_word' id='word_1_199' title='bbox 663 3142 734 3181; x_wconf 86' lang='lat' dir='ltr'>tot</span> <span class='ocrx_word' id='word_1_200' title='bbox 765 3132 965 3179; x_wconf 83' lang='lat' dir='ltr'>navibus</span> <span class='ocrx_word' id='word_1_201' title='bbox 997 3132 1060 3179; x_wconf 89' lang='lat' dir='ltr'>ad</span> <span class='ocrx_word' id='word_1_202' title='bbox 1097 3132 1382 3179; x_wconf 79' lang='lat' dir='ltr'>Salaminem</span> <span class='ocrx_word' id='word_1_203' title='bbox 1416 3147 1541 3195; x_wconf 81' lang='lat' dir='ltr'>pug-</span> 
     </span>
     <span class='ocr_line' id='line_1_38' title="bbox 493 3210 1541 3275; baseline -0.003 -15"><span class='ocrx_word' id='word_1_204' title='bbox 493 3228 608 3260; x_wconf 86' lang='lat' dir='ltr'>nare</span> <span class='ocrx_word' id='word_1_205' title='bbox 635 3213 948 3261; x_wconf 83' lang='lat' dir='ltr'>Athenienses</span> <span class='ocrx_word' id='word_1_206' title='bbox 963 3212 1220 3273; x_wconf 85' lang='lat' dir='ltr'>potuerint,</span> <span class='ocrx_word' id='word_1_207' title='bbox 1243 3210 1541 3275; x_wconf 87' lang='lat' dir='ltr'>quandoqui-</span> 
     </span>
     <span class='ocr_line' id='line_1_39' title="bbox 495 3292 1542 3355; baseline -0.001 -15"><span class='ocrx_word' id='word_1_208' title='bbox 495 3293 604 3341; x_wconf 87' lang='lat' dir='ltr'>dem</span> <span class='ocrx_word' id='word_1_209' title='bbox 623 3293 675 3338; x_wconf 86' lang='lat' dir='ltr'>in</span> <span class='ocrx_word' id='word_1_210' title='bbox 697 3307 863 3355; x_wconf 83' lang='lat' dir='ltr'>pugna</span> <span class='ocrx_word' id='word_1_211' title='bbox 883 3293 942 3338; x_wconf 92' lang='lat' dir='ltr'>ad</span> <span class='ocrx_word' id='word_1_212' title='bbox 966 3292 1278 3347; x_wconf 77' lang='lat' dir='ltr'>Artemisium</span> <span class='ocrx_word' id='word_1_213' title='bbox 1295 3292 1542 3339; x_wconf 87' lang='lat' dir='ltr'>dimidiam</span> 
     </span>
     <span class='ocr_line' id='line_1_40' title="bbox 493 3371 1541 3435; baseline -0.002 -14"><span class='ocrx_word' id='word_1_214' title='bbox 493 3383 679 3435; x_wconf 83' lang='lat' dir='ltr'>partem</span> <span class='ocrx_word' id='word_1_215' title='bbox 716 3371 987 3420; x_wconf 80' lang='lat' dir='ltr'>Atticarum</span> <span class='ocrx_word' id='word_1_216' title='bbox 1020 3372 1214 3420; x_wconf 80' lang='lat' dir='ltr'>navium</span> <span class='ocrx_word' id='word_1_217' title='bbox 1249 3372 1541 3420; x_wconf 75' lang='lat' dir='ltr'>vulneratam</span> 
     </span>
     <span class='ocr_line' id='line_1_41' title="bbox 493 3453 1545 3517; baseline -0.002 -14"><span class='ocrx_word' id='word_1_218' title='bbox 493 3470 594 3503; x_wconf 84' lang='lat' dir='ltr'>esse</span> <span class='ocrx_word' id='word_1_219' title='bbox 617 3455 684 3503; x_wconf 83' lang='lat' dir='ltr'>ait</span> <span class='ocrx_word' id='word_1_220' title='bbox 721 3453 928 3515; x_wconf 89' lang='lat' dir='ltr'>Scriptor</span> <span class='ocrx_word' id='word_1_221' title='bbox 959 3469 1059 3514; x_wconf 87' lang='lat' dir='ltr'>cap.</span> <span class='ocrx_word' id='word_1_222' title='bbox 1107 3458 1176 3509; x_wconf 86' lang='lat'>18,</span> <span class='ocrx_word' id='word_1_223' title='bbox 1207 3456 1252 3501; x_wconf 87' lang='lat'>5.</span> <span class='ocrx_word' id='word_1_224' title='bbox 1292 3469 1445 3517; x_wconf 88' lang='lat' dir='ltr'>neque</span> <span class='ocrx_word' id='word_1_225' title='bbox 1478 3454 1545 3501; x_wconf 86' lang='lat' dir='ltr'>eis</span> 
     </span>
     <span class='ocr_line' id='line_1_42' title="bbox 492 3533 1537 3597; baseline -0.001 -13"><span class='ocrx_word' id='word_1_226' title='bbox 492 3535 760 3584; x_wconf 84' lang='lat' dir='ltr'>reficiendis</span> <span class='ocrx_word' id='word_1_227' title='bbox 781 3533 1058 3597; x_wconf 85' lang='lat' dir='ltr'>suppetiisse</span> <span class='ocrx_word' id='word_1_228' title='bbox 1090 3534 1306 3581; x_wconf 83' lang='lat' dir='ltr'>videatur</span> <span class='ocrx_word' id='word_1_229' title='bbox 1335 3544 1537 3596; x_wconf 82' lang='lat' dir='ltr'>tempus.</span> 
     </span>
     <span class='ocr_line' id='line_1_43' title="bbox 499 3618 620 3682; baseline 0.033 -17"><span class='ocrx_word' id='word_1_230' title='bbox 499 3618 574 3682; x_wconf 84' lang='lat' dir='ltr'>S.]</span> <span class='ocrx_word' id='word_1_231' title='bbox 615 3661 620 3669; x_wconf 76' lang='grc'>,</span> 
     </span>
    </p>

    <p class='ocr_par' dir='ltr' id='par_1_9' title="bbox 493 3696 1544 4165">
     <span class='ocr_line' id='line_1_44' title="bbox 563 3696 1541 3763; baseline -0.002 -18"><span class='ocrx_word' id='word_1_232' title='bbox 563 3698 631 3763; x_wconf 85' lang='grc'><strong>[3.</strong></span> <span class='ocrx_word' id='word_1_233' title='bbox 659 3700 813 3759; x_wconf 73' lang='grc' dir='ltr'>μοῦνοι.</span> <span class='ocrx_word' id='word_1_234' title='bbox 842 3699 879 3745; x_wconf 73' lang='lat' dir='ltr'>iv</span> <span class='ocrx_word' id='word_1_235' title='bbox 901 3702 1130 3759; x_wconf 65' lang='grc' dir='ltr'>Σαλαμῖνι</span> <span class='ocrx_word' id='word_1_236' title='bbox 1149 3698 1255 3761; x_wconf 69' lang='grc' dir='ltr'>γὰρ,</span> <span class='ocrx_word' id='word_1_237' title='bbox 1278 3697 1392 3762; x_wconf 65' lang='lat' dir='ltr'>ete]</span> <span class='ocrx_word' id='word_1_238' title='bbox 1416 3696 1541 3745; x_wconf 82' lang='lat' dir='ltr'>Vide</span> 
     </span>
     <span class='ocr_line' id='line_1_45' title="bbox 498 3768 1544 3845; baseline -0.001 -18"><span class='ocrx_word' id='word_1_239' title='bbox 498 3779 610 3827; x_wconf 85' lang='lat' dir='ltr'>Var.</span> <span class='ocrx_word' id='word_1_240' title='bbox 633 3780 768 3827; x_wconf 87' lang='lat' dir='ltr'>Lect.</span> <span class='ocrx_word' id='word_1_241' title='bbox 784 3768 878 3845; x_wconf 91' lang='lat' dir='ltr'>(ed.</span> <span class='ocrx_word' id='word_1_242' title='bbox 901 3779 977 3841; x_wconf 89' lang='lat' dir='ltr'>S.)</span> <span class='ocrx_word' id='word_1_243' title='bbox 996 3789 1044 3827; x_wconf 89' lang='lat' dir='ltr'>et</span> <span class='ocrx_word' id='word_1_244' title='bbox 1068 3778 1193 3825; x_wconf 83' lang='lat' dir='ltr'>conf.</span> <span class='ocrx_word' id='word_1_245' title='bbox 1215 3794 1315 3839; x_wconf 87' lang='lat' dir='ltr'>cap.</span> <span class='ocrx_word' id='word_1_246' title='bbox 1340 3784 1379 3833; x_wconf 84' lang='lat' dir='ltr'>l,</span> <span class='ocrx_word' id='word_1_247' title='bbox 1400 3784 1431 3825; x_wconf 83' lang='lat'><strong>3</strong></span> <span class='ocrx_word' id='word_1_248' title='bbox 1449 3794 1544 3841; x_wconf 82' lang='lat' dir='ltr'>seq.</span> 
     </span>
     <span class='ocr_line' id='line_1_46' title="bbox 499 3859 1543 3922; baseline -0.001 -15"><span class='ocrx_word' id='word_1_249' title='bbox 499 3860 746 3907; x_wconf 89' lang='lat' dir='ltr'>Punctum</span> <span class='ocrx_word' id='word_1_250' title='bbox 789 3868 896 3921; x_wconf 87' lang='lat' dir='ltr'>post</span> <span class='ocrx_word' id='word_1_251' title='bbox 938 3862 1076 3922; x_wconf 77' lang='grc' dir='ltr'><strong><em>μοῦνοι</em></strong></span> <span class='ocrx_word' id='word_1_252' title='bbox 1108 3875 1246 3922; x_wconf 75' lang='lat' dir='ltr'>paene</span> <span class='ocrx_word' id='word_1_253' title='bbox 1265 3859 1543 3910; x_wconf 19' lang='lat' dir='ltr'>*evanidam</span> 
     </span>
     <span class='ocr_line' id='line_1_47' title="bbox 495 3939 1534 4004; baseline 0.001 -16"><span class='ocrx_word' id='word_1_254' title='bbox 495 3956 595 3988; x_wconf 82' lang='lat' dir='ltr'>esse</span> <span class='ocrx_word' id='word_1_255' title='bbox 628 3941 680 3987; x_wconf 84' lang='lat' dir='ltr'>in</span> <span class='ocrx_word' id='word_1_256' title='bbox 713 3949 872 3988; x_wconf 88' lang='lat' dir='ltr'>nostro</span> <span class='ocrx_word' id='word_1_257' title='bbox 921 3941 1140 4004; x_wconf 86' lang='lat' dir='ltr'>exemplo</span> <span class='ocrx_word' id='word_1_258' title='bbox 1183 3939 1534 3989; x_wconf 82' lang='lat' dir='ltr'>animadverto:</span> 
     </span>
     <span class='ocr_line' id='line_1_48' title="bbox 493 4010 1542 4086; baseline 0 -17"><span class='ocrx_word' id='word_1_259' title='bbox 493 4020 621 4084; x_wconf 88' lang='lat' dir='ltr'>quod</span> <span class='ocrx_word' id='word_1_260' title='bbox 645 4036 702 4068; x_wconf 88' lang='lat' dir='ltr'>eo</span> <span class='ocrx_word' id='word_1_261' title='bbox 724 4017 912 4079; x_wconf 82' lang='lat' dir='ltr'>moneo,</span> <span class='ocrx_word' id='word_1_262' title='bbox 947 4038 1008 4070; x_wconf 90' lang='lat' dir='ltr'>ne</span> <span class='ocrx_word' id='word_1_263' title='bbox 1029 4023 1139 4086; x_wconf 85' lang='lat' dir='ltr'>quis</span> <span class='ocrx_word' id='word_1_264' title='bbox 1169 4010 1292 4070; x_wconf 81' lang='lat' dir='ltr'>illud</span> <span class='ocrx_word' id='word_1_265' title='bbox 1311 4032 1397 4069; x_wconf 89' lang='lat' dir='ltr'>aut</span> <span class='ocrx_word' id='word_1_266' title='bbox 1429 4038 1542 4069; x_wconf 89' lang='lat' dir='ltr'>con-</span> 
     </span>
     <span class='ocr_line' id='line_1_49' title="bbox 493 4103 1543 4165; baseline 0.003 -15"><span class='ocrx_word' id='word_1_267' title='bbox 493 4103 618 4153; x_wconf 88' lang='lat' dir='ltr'>sulto</span> <span class='ocrx_word' id='word_1_268' title='bbox 639 4111 724 4151; x_wconf 82' lang='lat' dir='ltr'>aut</span> <span class='ocrx_word' id='word_1_269' title='bbox 745 4110 922 4150; x_wconf 88' lang='lat' dir='ltr'>temere</span> <span class='ocrx_word' id='word_1_270' title='bbox 953 4104 1321 4165; x_wconf 83' lang='lat' dir='ltr'>praetermissum</span> <span class='ocrx_word' id='word_1_271' title='bbox 1355 4122 1384 4153; x_wconf 85' lang='lat' dir='ltr'>a</span> <span class='ocrx_word' id='word_1_272' title='bbox 1405 4104 1543 4154; x_wconf 89' lang='lat' dir='ltr'>nobis</span> 
     </span>
    </p>
   </div>
   <div class='ocr_carea' id='block_1_6' title="bbox 1254 289 1847 376">
    <p class='ocr_par' dir='ltr' id='par_1_10' title="bbox 1254 289 1847 376">
     <span class='ocr_line' id='line_1_50' title="bbox 1254 289 1847 376; baseline -0.007 -33"><span class='ocrx_word' id='word_1_273' title='bbox 1254 289 1847 376; x_wconf 64' lang='lat' dir='ltr'>ADNojrATIONEs</span> 
     </span>
    </p>
   </div>
   <div class='ocr_carea' id='block_1_7' title="bbox 1594 434 2655 2046">
    <p class='ocr_par' dir='ltr' id='par_1_11' title="bbox 1594 434 2645 592">
     <span class='ocr_line' id='line_1_51' title="bbox 1596 434 2645 495; baseline -0.003 -11"><span class='ocrx_word' id='word_1_274' title='bbox 1596 437 1849 486; x_wconf 78' lang='lat' dir='ltr'>existimet.</span> <span class='ocrx_word' id='word_1_275' title='bbox 1902 434 2029 484; x_wconf 87' lang='lat' dir='ltr'>Satis</span> <span class='ocrx_word' id='word_1_276' title='bbox 2046 445 2211 484; x_wconf 87' lang='lat' dir='ltr'>autem</span> <span class='ocrx_word' id='word_1_277' title='bbox 2230 434 2398 482; x_wconf 86' lang='lat' dir='ltr'>fuerat</span> <span class='ocrx_word' id='word_1_278' title='bbox 2416 441 2645 495; x_wconf 83' lang='lat' dir='ltr'>punctum</span> 
     </span>
     <span class='ocr_line' id='line_1_52' title="bbox 1594 515 2503 592; baseline -0.003 -26"><span class='ocrx_word' id='word_1_279' title='bbox 1594 519 1757 566; x_wconf 87' lang='lat' dir='ltr'>minus</span> <span class='ocrx_word' id='word_1_280' title='bbox 1774 537 1792 578; x_wconf 69' lang='grc' dir='ltr'><strong><em>ς</em></strong></span> <span class='ocrx_word' id='word_1_281' title='bbox 1813 534 1903 566; x_wconf 86' lang='lat' dir='ltr'>nec</span> <span class='ocrx_word' id='word_1_282' title='bbox 1924 517 2093 580; x_wconf 83' lang='lat' dir='ltr'>majori</span> <span class='ocrx_word' id='word_1_283' title='bbox 2112 533 2237 592; x_wconf 82' lang='lat' dir='ltr'>opus</span> <span class='ocrx_word' id='word_1_284' title='bbox 2259 525 2378 564; x_wconf 85' lang='lat' dir='ltr'>erat.</span> <span class='ocrx_word' id='word_1_285' title='bbox 2425 515 2503 580; x_wconf 84' lang='lat' dir='ltr'>S·]</span> 
     </span>
    </p>

    <p class='ocr_par' dir='ltr' id='par_1_12' title="bbox 1594 595 2655 1322">
     <span class='ocr_line' id='line_1_53' title="bbox 1660 595 2644 666; baseline -0.008 -17"><span class='ocrx_word' id='word_1_286' title='bbox 1660 607 1707 650; x_wconf 81' lang='grc'>6.</span> <span class='ocrx_word' id='word_1_287' title='bbox 1731 601 1809 652; x_wconf 49' lang='grc' dir='ltr'>*ἦν</span> <span class='ocrx_word' id='word_1_288' title='bbox 1828 600 2003 666; x_wconf 60' lang='lat' dir='ltr'>‘neuim</span> <span class='ocrx_word' id='word_1_289' title='bbox 2020 602 2098 652; x_wconf 65' lang='grc' dir='ltr'>τῆς</span> <span class='ocrx_word' id='word_1_290' title='bbox 2119 597 2351 662; x_wconf 69' lang='grc' dir='ltr'><strong><em>Βοιωτίας]</em></strong></span> <span class='ocrx_word' id='word_1_291' title='bbox 2374 596 2523 644; x_wconf 78' lang='lat' dir='ltr'>Unde</span> <span class='ocrx_word' id='word_1_292' title='bbox 2542 595 2644 643; x_wconf 81' lang='lat' dir='ltr'>Pie-</span> 
     </span>
     <span class='ocr_line' id='line_1_54' title="bbox 1594 679 2649 745; baseline -0.004 -17"><span class='ocrx_word' id='word_1_293' title='bbox 1594 681 1731 740; x_wconf 83' lang='lat' dir='ltr'>riam,</span> <span class='ocrx_word' id='word_1_294' title='bbox 1763 681 1954 745; x_wconf 83' lang='lat' dir='ltr'>qualem</span> <span class='ocrx_word' id='word_1_295' title='bbox 1985 682 2037 728; x_wconf 92' lang='lat' dir='ltr'>in</span> <span class='ocrx_word' id='word_1_296' title='bbox 2070 679 2260 728; x_wconf 78' lang='lat' dir='ltr'>Boeotia</span> <span class='ocrx_word' id='word_1_297' title='bbox 2282 695 2383 726; x_wconf 90' lang='lat' dir='ltr'>non</span> <span class='ocrx_word' id='word_1_298' title='bbox 2408 679 2539 736; x_wconf 84' lang='lat' dir='ltr'>novi,</span> <span class='ocrx_word' id='word_1_299' title='bbox 2577 693 2649 724; x_wconf 81' lang='lat' dir='ltr'>ac-</span> 
     </span>
     <span class='ocr_line' id='line_1_55' title="bbox 1596 760 2643 826; baseline -0.008 -13"><span class='ocrx_word' id='word_1_300' title='bbox 1596 765 1772 826; x_wconf 77' lang='lat' dir='ltr'>ceperit</span> <span class='ocrx_word' id='word_1_301' title='bbox 1827 763 1981 820; x_wconf 70' lang='lat' dir='ltr'>Vana,</span> <span class='ocrx_word' id='word_1_302' title='bbox 2028 763 2140 810; x_wconf 83' lang='lat' dir='ltr'>satis</span> <span class='ocrx_word' id='word_1_303' title='bbox 2188 776 2323 808; x_wconf 89' lang='lat' dir='ltr'>nunc</span> <span class='ocrx_word' id='word_1_304' title='bbox 2364 760 2422 806; x_wconf 87' lang='lat' dir='ltr'>in</span> <span class='ocrx_word' id='word_1_305' title='bbox 2471 769 2643 820; x_wconf 81' lang='lat' dir='ltr'>aperto.</span> 
     </span>
     <span class='ocr_line' id='line_1_56' title="bbox 1600 841 2651 912; baseline -0.009 -17"><span class='ocrx_word' id='word_1_306' title='bbox 1600 846 1768 912; x_wconf 62' lang='lat' dir='ltr'>Hiemi„</span> <span class='ocrx_word' id='word_1_307' title='bbox 1792 849 1869 899; x_wconf 69' lang='grc' dir='ltr'>τῆς</span> <span class='ocrx_word' id='word_1_308' title='bbox 1896 843 2115 901; x_wconf 66' lang='grc' dir='ltr'><strong><em>Βοιωτίας,</em></strong></span> <span class='ocrx_word' id='word_1_309' title='bbox 2136 859 2245 906; x_wconf 76' lang='lat' dir='ltr'>quoe</span> <span class='ocrx_word' id='word_1_310' title='bbox 2266 851 2440 889; x_wconf 80' lang='lat' dir='ltr'>contra</span> <span class='ocrx_word' id='word_1_311' title='bbox 2466 841 2651 889; x_wconf 76' lang='lat' dir='ltr'>Chalci-</span> 
     </span>
     <span class='ocr_line' id='line_1_57' title="bbox 1597 920 2655 988; baseline -0.008 -14"><span class='ocrx_word' id='word_1_312' title='bbox 1597 927 1706 974; x_wconf 88' lang='lat' dir='ltr'>dem</span> <span class='ocrx_word' id='word_1_313' title='bbox 1749 927 1803 974; x_wconf 87' lang='lat' dir='ltr'>in</span> <span class='ocrx_word' id='word_1_314' title='bbox 1849 926 2049 974; x_wconf 83' lang='lat' dir='ltr'>Boeotiae</span> <span class='ocrx_word' id='word_1_315' title='bbox 2074 973 2081 980; x_wconf 74' lang='grc'>,</span> <span class='ocrx_word' id='word_1_316' title='bbox 2108 925 2319 983; x_wconf 66' lang='lat' dir='ltr'>finibus-3</span> <span class='ocrx_word' id='word_1_317' title='bbox 2380 920 2655 988; x_wconf 60' lang='lat' dir='ltr'>cujunodi</span> 
     </span>
     <span class='ocr_line' id='line_1_58' title="bbox 1598 1005 2647 1074; baseline -0.007 -17"><span class='ocrx_word' id='word_1_318' title='bbox 1598 1013 1759 1074; x_wconf 63' lang='grc' dir='ltr'>σιραῒιι</span> <span class='ocrx_word' id='word_1_319' title='bbox 1803 1011 1882 1062; x_wconf 58' lang='grc' dir='ltr'>«ἧς</span> <span class='ocrx_word' id='word_1_320' title='bbox 1918 1007 2091 1066; x_wconf 63' lang='lat' dir='ltr'>’Atiam</span> <span class='ocrx_word' id='word_1_321' title='bbox 2130 1005 2351 1054; x_wconf 82' lang='lat' dir='ltr'>Diodoro</span> <span class='ocrx_word' id='word_1_322' title='bbox 2388 1005 2527 1051; x_wconf 84' lang='lat' dir='ltr'>XX.</span> <span class='ocrx_word' id='word_1_323' title='bbox 2576 1009 2647 1053; x_wconf 88' lang='grc'>97.</span> 
     </span>
     <span class='ocr_line' id='line_1_59' title="bbox 1603 1085 2651 1152; baseline -0.007 -14"><span class='ocrx_word' id='word_1_324' title='bbox 1603 1089 1733 1138; x_wconf 70' lang='lat' dir='ltr'>Asiae</span> <span class='ocrx_word' id='word_1_325' title='bbox 1750 1089 2037 1138; x_wconf 83' lang='lat' dir='ltr'>continentis</span> <span class='ocrx_word' id='word_1_326' title='bbox 2053 1088 2200 1152; x_wconf 82' lang='lat' dir='ltr'>regio,</span> <span class='ocrx_word' id='word_1_327' title='bbox 2224 1103 2285 1134; x_wconf 88' lang='lat' dir='ltr'>ex</span> <span class='ocrx_word' id='word_1_328' title='bbox 2302 1086 2567 1134; x_wconf 81' lang='lat' dir='ltr'>adversum</span> <span class='ocrx_word' id='word_1_329' title='bbox 2584 1085 2651 1132; x_wconf 89' lang='lat' dir='ltr'>in-</span> 
     </span>
     <span class='ocr_line' id='line_1_60' title="bbox 1598 1167 2651 1230; baseline -0.007 -10"><span class='ocrx_word' id='word_1_330' title='bbox 1598 1172 1753 1220; x_wconf 81' lang='lat' dir='ltr'>sulam</span> <span class='ocrx_word' id='word_1_331' title='bbox 1794 1171 2041 1228; x_wconf 86' lang='lat' dir='ltr'>Rhodum,</span> <span class='ocrx_word' id='word_1_332' title='bbox 2084 1170 2248 1218; x_wconf 77' lang='lat' dir='ltr'>Peraea</span> <span class='ocrx_word' id='word_1_333' title='bbox 2278 1167 2419 1230; x_wconf 81' lang='lat' dir='ltr'>apud</span> <span class='ocrx_word' id='word_1_334' title='bbox 2462 1167 2651 1214; x_wconf 82' lang='lat' dir='ltr'>Livium</span> 
     </span>
     <span class='ocr_line' id='line_1_61' title="bbox 1596 1251 2259 1322; baseline -0.006 -22"><span class='ocrx_word' id='word_1_335' title='bbox 1596 1253 1680 1302; x_wconf 85' lang='lat' dir='ltr'>lib.</span> <span class='ocrx_word' id='word_1_336' title='bbox 1712 1253 1958 1322; x_wconf 25' lang='lat' dir='ltr'>xlxxn.</span> <span class='ocrx_word' id='word_1_337' title='bbox 1989 1257 2065 1300; x_wconf 87' lang='grc'>15.</span> <span class='ocrx_word' id='word_1_338' title='bbox 2104 1251 2259 1298; x_wconf 76' lang='lat' dir='ltr'>Wnss.</span> 
     </span>
    </p>

    <p class='ocr_par' dir='ltr' id='par_1_13' title="bbox 1598 1330 2653 2046">
     <span class='ocr_line' id='line_1_62' title="bbox 1668 1330 2649 1396; baseline -0.006 -14"><span class='ocrx_word' id='word_1_339' title='bbox 1668 1340 1745 1382; x_wconf 93' lang='lat'>10.</span> <span class='ocrx_word' id='word_1_340' title='bbox 1784 1335 2037 1396; x_wconf 70' lang='grc' dir='ltr'><strong><em>Πιλιαγοὶ,</em></strong></span> <span class='ocrx_word' id='word_1_341' title='bbox 2071 1332 2399 1394; x_wconf 69' lang='grc' dir='ltr'>οὐνομαζὸμιηι</span> <span class='ocrx_word' id='word_1_342' title='bbox 2451 1330 2649 1396; x_wconf 65' lang='lat' dir='ltr'>Kgoevui]</span> 
     </span>
     <span class='ocr_line' id='line_1_63' title="bbox 1604 1411 2647 1468; baseline -0.009 -2"><span class='ocrx_word' id='word_1_343' title='bbox 1604 1417 1730 1466; x_wconf 79' lang='lat' dir='ltr'>Clar-</span> <span class='ocrx_word' id='word_1_344' title='bbox 1763 1417 1827 1464; x_wconf 86' lang='lat' dir='ltr'>G.</span> <span class='ocrx_word' id='word_1_345' title='bbox 1850 1415 2058 1464; x_wconf 85' lang='lat' dir='ltr'>Koenius</span> <span class='ocrx_word' id='word_1_346' title='bbox 2078 1414 2129 1460; x_wconf 90' lang='lat' dir='ltr'>in</span> <span class='ocrx_word' id='word_1_347' title='bbox 2150 1413 2321 1460; x_wconf 81' lang='lat' dir='ltr'>litteris</span> <span class='ocrx_word' id='word_1_348' title='bbox 2336 1411 2401 1459; x_wconf 84' lang='lat' dir='ltr'>ad</span> <span class='ocrx_word' id='word_1_349' title='bbox 2423 1428 2507 1458; x_wconf 87' lang='lat' dir='ltr'>me</span> <span class='ocrx_word' id='word_1_350' title='bbox 2522 1411 2647 1468; x_wconf 83' lang='lat' dir='ltr'>datis,</span> 
     </span>
     <span class='ocr_line' id='line_1_64' title="bbox 1602 1494 2651 1556; baseline -0.005 -11"><span class='ocrx_word' id='word_1_351' title='bbox 1602 1498 1781 1556; x_wconf 79' lang='lat' dir='ltr'>Multa,</span> <span class='ocrx_word' id='word_1_352' title='bbox 1808 1497 1985 1550; x_wconf 86' lang='lat' dir='ltr'>scribit,</span> <span class='ocrx_word' id='word_1_353' title='bbox 2022 1504 2134 1544; x_wconf 89' lang='lat' dir='ltr'>sunt</span> <span class='ocrx_word' id='word_1_354' title='bbox 2164 1494 2219 1540; x_wconf 88' lang='lat' dir='ltr'>in</span> <span class='ocrx_word' id='word_1_355' title='bbox 2250 1495 2330 1540; x_wconf 86' lang='lat' dir='ltr'>his</span> <span class='ocrx_word' id='word_1_356' title='bbox 2351 1509 2468 1556; x_wconf 85' lang='lat' dir='ltr'>quae</span> <span class='ocrx_word' id='word_1_357' title='bbox 2490 1509 2569 1540; x_wconf 87' lang='lat' dir='ltr'>me</span> <span class='ocrx_word' id='word_1_358' title='bbox 2588 1494 2651 1540; x_wconf 86' lang='lat' dir='ltr'>of-</span> 
     </span>
     <span class='ocr_line' id='line_1_65' title="bbox 1598 1576 2651 1627; baseline -0.004 -2"><span class='ocrx_word' id='word_1_359' title='bbox 1598 1578 1819 1627; x_wconf 79' lang='lat' dir='ltr'>fendunt.</span> <span class='ocrx_word' id='word_1_360' title='bbox 1894 1578 2059 1627; x_wconf 87' lang='lat' dir='ltr'>Primo</span> <span class='ocrx_word' id='word_1_361' title='bbox 2082 1580 2291 1626; x_wconf 81' lang='lat' dir='ltr'>Cranaos</span> <span class='ocrx_word' id='word_1_362' title='bbox 2326 1576 2487 1623; x_wconf 90' lang='lat' dir='ltr'>dictos</span> <span class='ocrx_word' id='word_1_363' title='bbox 2516 1576 2651 1622; x_wconf 78' lang='lat' dir='ltr'>fuisse</span> 
     </span>
     <span class='ocr_line' id='line_1_66' title="bbox 1601 1651 2647 1724; baseline -0.004 -16"><span class='ocrx_word' id='word_1_364' title='bbox 1601 1663 1691 1708; x_wconf 86' lang='lat' dir='ltr'>sub</span> <span class='ocrx_word' id='word_1_365' title='bbox 1728 1659 1970 1724; x_wconf 79' lang='lat' dir='ltr'>Pelasgis3</span> <span class='ocrx_word' id='word_1_366' title='bbox 2005 1657 2175 1706; x_wconf 89' lang='lat' dir='ltr'>deinde</span> <span class='ocrx_word' id='word_1_367' title='bbox 2199 1673 2312 1704; x_wconf 84' lang='lat' dir='ltr'>vero</span> <span class='ocrx_word' id='word_1_368' title='bbox 2332 1651 2647 1719; x_wconf 66' lang='lat' dir='ltr'>Cecropidas,-</span> 
     </span>
     <span class='ocr_line' id='line_1_67' title="bbox 1600 1741 2651 1806; baseline -0.005 -16"><span class='ocrx_word' id='word_1_369' title='bbox 1600 1758 1753 1806; x_wconf 85' lang='lat' dir='ltr'>quum</span> <span class='ocrx_word' id='word_1_370' title='bbox 1781 1743 1986 1802; x_wconf 86' lang='lat' dir='ltr'>Cecrops</span> <span class='ocrx_word' id='word_1_371' title='bbox 2012 1741 2257 1789; x_wconf 86' lang='lat' dir='ltr'>Cranaum</span> <span class='ocrx_word' id='word_1_372' title='bbox 2290 1749 2437 1786; x_wconf 80' lang='lat' dir='ltr'>aetate</span> <span class='ocrx_word' id='word_1_373' title='bbox 2460 1754 2651 1800; x_wconf 84' lang='lat' dir='ltr'>praeces-</span> 
     </span>
     <span class='ocr_line' id='line_1_68' title="bbox 1601 1820 2653 1882; baseline -0.004 -11"><span class='ocrx_word' id='word_1_374' title='bbox 1601 1824 1726 1872; x_wconf 87' lang='lat' dir='ltr'>serit.</span> <span class='ocrx_word' id='word_1_375' title='bbox 1804 1823 1939 1880; x_wconf 79' lang='lat' dir='ltr'>Quid</span> <span class='ocrx_word' id='word_1_376' title='bbox 1971 1821 2207 1882; x_wconf 86' lang='lat' dir='ltr'>scripserit</span> <span class='ocrx_word' id='word_1_377' title='bbox 2234 1820 2540 1876; x_wconf 78' lang='lat' dir='ltr'>Herodotus,</span> <span class='ocrx_word' id='word_1_378' title='bbox 2568 1821 2653 1868; x_wconf 88' lang='lat' dir='ltr'>Co-</span> 
     </span>
     <span class='ocr_line' id='line_1_69' title="bbox 1602 1902 2650 1952; baseline -0.004 0"><span class='ocrx_word' id='word_1_379' title='bbox 1602 1905 1730 1952; x_wconf 66' lang='lat' dir='ltr'>dices</span> <span class='ocrx_word' id='word_1_380' title='bbox 1748 1904 1871 1952; x_wconf 84' lang='lat' dir='ltr'>forte</span> <span class='ocrx_word' id='word_1_381' title='bbox 1886 1906 2230 1952; x_wconf 88' lang='lat' dir='ltr'>monstrabunt.</span> <span class='ocrx_word' id='word_1_382' title='bbox 2282 1902 2501 1950; x_wconf 85' lang='lat' dir='ltr'>Interim</span> <span class='ocrx_word' id='word_1_383' title='bbox 2523 1902 2650 1950; x_wconf 84' lang='lat' dir='ltr'>velim</span> 
     </span>
     <span class='ocr_line' id='line_1_70' title="bbox 1602 1983 2651 2046; baseline -0.005 -12"><span class='ocrx_word' id='word_1_384' title='bbox 1602 1985 1883 2044; x_wconf 81' lang='lat' dir='ltr'>consideres,</span> <span class='ocrx_word' id='word_1_385' title='bbox 1905 2001 2025 2034; x_wconf 89' lang='lat' dir='ltr'>num</span> <span class='ocrx_word' id='word_1_386' title='bbox 2051 1985 2137 2032; x_wconf 85' lang='lat' dir='ltr'>tibi</span> <span class='ocrx_word' id='word_1_387' title='bbox 2168 1983 2447 2046; x_wconf 83' lang='lat' dir='ltr'>displiceat:</span> <span class='ocrx_word' id='word_1_388' title='bbox 2490 1985 2560 2032; x_wconf 68' lang='grc' dir='ltr'>ἰπὶ</span> <span class='ocrx_word' id='word_1_389' title='bbox 2584 1985 2651 2044; x_wconf 69' lang='grc' dir='ltr'>μὴ</span> 
     </span>
    </p>
   </div>
   <div class='ocr_carea' id='block_1_8' title="bbox 1606 2065 2652 2132">
    <p class='ocr_par' dir='ltr' id='par_1_14' title="bbox 1606 2065 2652 2132">
     <span class='ocr_line' id='line_1_71' title="bbox 1606 2065 2652 2132; baseline -0.001 -16"><span class='ocrx_word' id='word_1_390' title='bbox 1606 2070 1860 2132; x_wconf 69' lang='grc' dir='ltr'>Πελασγὸν</span> <span class='ocrx_word' id='word_1_391' title='bbox 2041 2067 2141 2116; x_wconf 70' lang='grc' dir='ltr'>ἶσαι</span> <span class='ocrx_word' id='word_1_392' title='bbox 2174 2067 2423 2128; x_wconf 63' lang='lat' dir='ltr'>nnana-oya&gt;</span> <span class='ocrx_word' id='word_1_393' title='bbox 2460 2065 2652 2128; x_wconf 66' lang='grc' dir='ltr'><strong><em>ὅκμαζῦ·</em></strong></span> 
     </span>
    </p>
   </div>
   <div class='ocr_carea' id='block_1_9' title="bbox 1880 2094 2010 2108">
    <p class='ocr_par' dir='ltr' id='par_1_15' title="bbox 1880 2094 2010 2108">
     <span class='ocr_line' id='line_1_72' title="bbox 1880 2094 2010 2108; baseline 0 0"><span class='ocrx_word' id='word_1_394' title='bbox 1880 2094 2010 2108; x_wconf 95' lang='lat' dir='ltr'> </span> 
     </span>
    </p>
   </div>
   <div class='ocr_carea' id='block_1_10' title="bbox 1602 2149 2659 4169">
    <p class='ocr_par' dir='ltr' id='par_1_16' title="bbox 1602 2149 2659 3843">
     <span class='ocr_line' id='line_1_73' title="bbox 1602 2149 2655 2216; baseline -0.004 -18"><span class='ocrx_word' id='word_1_395' title='bbox 1602 2171 1732 2213; x_wconf 72' lang='grc' dir='ltr'><strong><em>μενοι·</em></strong></span> <span class='ocrx_word' id='word_1_396' title='bbox 1758 2153 1831 2199; x_wconf 61' lang='lat' dir='ltr'>ix}</span> <span class='ocrx_word' id='word_1_397' title='bbox 1853 2150 1896 2198; x_wconf 76' lang='grc' dir='ltr'>δὶ</span> <span class='ocrx_word' id='word_1_398' title='bbox 1930 2149 2145 2216; x_wconf 62' lang='grc' dir='ltr'>Κέκςοτος</span> <span class='ocrx_word' id='word_1_399' title='bbox 2166 2152 2385 2207; x_wconf 65' lang='grc' dir='ltr'><strong><em>βασιλῆος</em></strong></span> <span class='ocrx_word' id='word_1_400' title='bbox 2410 2150 2655 2200; x_wconf 58' lang='lat' dir='ltr'>inani-‘incar</span> 
     </span>
     <span class='ocr_line' id='line_1_74' title="bbox 1608 2231 2651 2300; baseline -0.006 -18"><span class='ocrx_word' id='word_1_401' title='bbox 1608 2232 1887 2300; x_wconf 60' lang='grc' dir='ltr'>Κεκροπίδαι·</span> <span class='ocrx_word' id='word_1_402' title='bbox 1908 2233 1985 2281; x_wconf 69' lang='grc' dir='ltr'>καὶ</span> <span class='ocrx_word' id='word_1_403' title='bbox 2003 2234 2073 2280; x_wconf 66' lang='lat' dir='ltr'>ie}</span> <span class='ocrx_word' id='word_1_404' title='bbox 2091 2233 2287 2298; x_wconf 68' lang='grc' dir='ltr'>Κραναοῦ</span> <span class='ocrx_word' id='word_1_405' title='bbox 2304 2232 2514 2297; x_wconf 63' lang='grc' dir='ltr'>Κραναοί.</span> <span class='ocrx_word' id='word_1_406' title='bbox 2552 2231 2651 2278; x_wconf 91' lang='lat' dir='ltr'>Du-</span> 
     </span>
     <span class='ocr_line' id='line_1_75' title="bbox 1602 2312 2651 2376; baseline -0.004 -13"><span class='ocrx_word' id='word_1_407' title='bbox 1602 2315 1737 2363; x_wconf 91' lang='lat' dir='ltr'>bium</span> <span class='ocrx_word' id='word_1_408' title='bbox 1784 2330 1881 2362; x_wconf 91' lang='lat' dir='ltr'>non</span> <span class='ocrx_word' id='word_1_409' title='bbox 1926 2323 1999 2362; x_wconf 85' lang='lat' dir='ltr'>est</span> <span class='ocrx_word' id='word_1_410' title='bbox 2041 2314 2156 2376; x_wconf 87' lang='lat' dir='ltr'>quin</span> <span class='ocrx_word' id='word_1_411' title='bbox 2200 2313 2293 2359; x_wconf 80' lang='lat' dir='ltr'>ista</span> <span class='ocrx_word' id='word_1_412' title='bbox 2326 2312 2517 2360; x_wconf 88' lang='lat' dir='ltr'>ratione</span> <span class='ocrx_word' id='word_1_413' title='bbox 2557 2328 2651 2359; x_wconf 84' lang='lat' dir='ltr'>vere</span> 
     </span>
     <span class='ocr_line' id='line_1_76' title="bbox 1604 2393 2649 2458; baseline -0.002 -14"><span class='ocrx_word' id='word_1_414' title='bbox 1604 2396 1859 2458; x_wconf 84' lang='lat' dir='ltr'>scripsisset</span> <span class='ocrx_word' id='word_1_415' title='bbox 1877 2395 2179 2454; x_wconf 85' lang='lat' dir='ltr'>Herodotus;</span> <span class='ocrx_word' id='word_1_416' title='bbox 2206 2393 2304 2450; x_wconf 86' lang='lat' dir='ltr'>sed,</span> <span class='ocrx_word' id='word_1_417' title='bbox 2331 2394 2470 2457; x_wconf 89' lang='lat' dir='ltr'>quod</span> <span class='ocrx_word' id='word_1_418' title='bbox 2484 2395 2535 2441; x_wconf 88' lang='lat' dir='ltr'>in</span> <span class='ocrx_word' id='word_1_419' title='bbox 2551 2410 2649 2442; x_wconf 85' lang='lat' dir='ltr'>nos-</span> 
     </span>
     <span class='ocr_line' id='line_1_77' title="bbox 1604 2476 2651 2539; baseline -0.005 -13"><span class='ocrx_word' id='word_1_420' title='bbox 1604 2479 1689 2527; x_wconf 89' lang='lat' dir='ltr'>tris</span> <span class='ocrx_word' id='word_1_421' title='bbox 1721 2488 1791 2526; x_wconf 86' lang='lat' dir='ltr'>est</span> <span class='ocrx_word' id='word_1_422' title='bbox 1824 2477 2183 2539; x_wconf 85' lang='lat' dir='ltr'>exemplaribus,</span> <span class='ocrx_word' id='word_1_423' title='bbox 2217 2476 2271 2523; x_wconf 91' lang='lat' dir='ltr'>in</span> <span class='ocrx_word' id='word_1_424' title='bbox 2290 2492 2387 2524; x_wconf 89' lang='lat' dir='ltr'>suo</span> <span class='ocrx_word' id='word_1_425' title='bbox 2426 2478 2651 2538; x_wconf 81' lang='lat' dir='ltr'>Scymnus</span> 
     </span>
     <span class='ocr_line' id='line_1_78' title="bbox 1610 2557 2647 2622; baseline -0.005 -14"><span class='ocrx_word' id='word_1_426' title='bbox 1610 2560 1763 2608; x_wconf 88' lang='lat' dir='ltr'>Chius</span> <span class='ocrx_word' id='word_1_427' title='bbox 1782 2561 1978 2617; x_wconf 82' lang='lat' dir='ltr'>invenit,</span> <span class='ocrx_word' id='word_1_428' title='bbox 2002 2559 2142 2622; x_wconf 87' lang='lat' dir='ltr'>cujus</span> <span class='ocrx_word' id='word_1_429' title='bbox 2153 2560 2242 2605; x_wconf 85' lang='lat' dir='ltr'>ista</span> <span class='ocrx_word' id='word_1_430' title='bbox 2254 2566 2373 2605; x_wconf 88' lang='lat' dir='ltr'>sunt</span> <span class='ocrx_word' id='word_1_431' title='bbox 2392 2557 2445 2603; x_wconf 93' lang='lat' dir='ltr'>in</span> <span class='ocrx_word' id='word_1_432' title='bbox 2472 2558 2647 2621; x_wconf 80' lang='lat' dir='ltr'>Perieg.</span> 
     </span>
     <span class='ocr_line' id='line_1_79' title="bbox 1606 2640 2647 2701; baseline -0.002 -14"><span class='ocrx_word' id='word_1_433' title='bbox 1606 2657 1651 2688; x_wconf 81' lang='lat' dir='ltr'>v.</span> <span class='ocrx_word' id='word_1_434' title='bbox 1680 2646 1791 2691; x_wconf 86' lang='lat'><em>558.</em></span> <span class='ocrx_word' id='word_1_435' title='bbox 1820 2644 1947 2701; x_wconf 72' lang='grc' dir='ltr'>Ἑξῆς</span> <span class='ocrx_word' id='word_1_436' title='bbox 1983 2641 2158 2693; x_wconf 67' lang='grc' dir='ltr'>Ἀθήνας</span> <span class='ocrx_word' id='word_1_437' title='bbox 2192 2641 2323 2701; x_wconf 65' lang='grc' dir='ltr'><strong><em>φασὶν</em></strong></span> <span class='ocrx_word' id='word_1_438' title='bbox 2356 2640 2548 2693; x_wconf 64' lang='grc' dir='ltr'>οἷκητὲς</span> <span class='ocrx_word' id='word_1_439' title='bbox 2570 2651 2647 2687; x_wconf 67' lang='grc' dir='ltr'>λο-</span> 
     </span>
     <span class='ocr_line' id='line_1_80' title="bbox 1606 2720 2651 2789; baseline -0.006 -17"><span class='ocrx_word' id='word_1_440' title='bbox 1606 2728 1695 2781; x_wconf 73' lang='grc' dir='ltr'>βιῖν</span> <span class='ocrx_word' id='word_1_441' title='bbox 1713 2726 1770 2773; x_wconf 58' lang='lat' dir='ltr'>Ti</span> <span class='ocrx_word' id='word_1_442' title='bbox 1782 2726 1861 2785; x_wconf 67' lang='grc' dir='ltr'>μὶν</span> <span class='ocrx_word' id='word_1_443' title='bbox 1886 2722 2149 2785; x_wconf 70' lang='grc' dir='ltr'>Πελασγοὺς</span> <span class='ocrx_word' id='word_1_444' title='bbox 2187 2722 2373 2789; x_wconf 59' lang='lat' dir='ltr'>redieras,</span> <span class='ocrx_word' id='word_1_445' title='bbox 2399 2720 2473 2776; x_wconf 68' lang='grc' dir='ltr'>οὓς</span> <span class='ocrx_word' id='word_1_446' title='bbox 2506 2720 2554 2773; x_wconf 67' lang='grc' dir='ltr'>δὲ</span> <span class='ocrx_word' id='word_1_447' title='bbox 2583 2720 2651 2768; x_wconf 68' lang='grc' dir='ltr'>καὶ</span> 
     </span>
     <span class='ocr_line' id='line_1_81' title="bbox 1606 2801 2649 2871; baseline -0.004 -18"><span class='ocrx_word' id='word_1_448' title='bbox 1606 2806 1740 2868; x_wconf 70' lang='grc' dir='ltr'>λὸγός</span> <span class='ocrx_word' id='word_1_449' title='bbox 1768 2804 1979 2871; x_wconf 57' lang='grc' dir='ltr'><strong><em>Κραναοῒις</em></strong></span> <span class='ocrx_word' id='word_1_450' title='bbox 2004 2806 2251 2851; x_wconf 54' lang='lat' dir='ltr'>naiades·</span> <span class='ocrx_word' id='word_1_451' title='bbox 2282 2804 2412 2862; x_wconf 67' lang='grc' dir='ltr'>μετὰ</span> <span class='ocrx_word' id='word_1_452' title='bbox 2447 2801 2491 2852; x_wconf 60' lang='grc' dir='ltr'>δί</span> <span class='ocrx_word' id='word_1_453' title='bbox 2515 2804 2649 2851; x_wconf 58' lang='grc' dir='ltr'>*αὖε-ι</span> 
     </span>
     <span class='ocr_line' id='line_1_82' title="bbox 1610 2884 2649 2952; baseline -0.003 -18"><span class='ocrx_word' id='word_1_454' title='bbox 1610 2885 1891 2952; x_wconf 62' lang='grc' dir='ltr'>Κεκροπίδας,</span> <span class='ocrx_word' id='word_1_455' title='bbox 1928 2894 2015 2931; x_wconf 83' lang='lat' dir='ltr'>etc.</span> <span class='ocrx_word' id='word_1_456' title='bbox 2044 2893 2150 2931; x_wconf 85' lang='lat' dir='ltr'>tum</span> <span class='ocrx_word' id='word_1_457' title='bbox 2184 2899 2229 2930; x_wconf 80' lang='lat' dir='ltr'>V·</span> <span class='ocrx_word' id='word_1_458' title='bbox 2268 2887 2409 2943; x_wconf 65' lang='lat'>564„</span> <span class='ocrx_word' id='word_1_459' title='bbox 2444 2884 2649 2951; x_wconf 62' lang='grc' dir='ltr'><strong><em>Ἥςὸδοτος</em></strong></span> 
     </span>
     <span class='ocr_line' id='line_1_83' title="bbox 1606 2962 2657 3035; baseline -0.001 -21"><span class='ocrx_word' id='word_1_460' title='bbox 1606 2968 1770 3035; x_wconf 57' lang='lat' dir='ltr'>feroci?</span> <span class='ocrx_word' id='word_1_461' title='bbox 1779 2966 1821 3015; x_wconf 70' lang='grc' dir='ltr'>ὃὶ</span> <span class='ocrx_word' id='word_1_462' title='bbox 1836 2969 1987 3015; x_wconf 67' lang='grc' dir='ltr'><strong>ταῦτα</strong></span> <span class='ocrx_word' id='word_1_463' title='bbox 2004 2962 2287 3031; x_wconf 51' lang='lat' dir='ltr'>eumenid-w.</span> <span class='ocrx_word' id='word_1_464' title='bbox 2357 2966 2557 3027; x_wconf 81' lang='lat' dir='ltr'>Seymni</span> <span class='ocrx_word' id='word_1_465' title='bbox 2573 2977 2657 3013; x_wconf 79' lang='lat' dir='ltr'>tes-</span> 
     </span>
     <span class='ocr_line' id='line_1_84' title="bbox 1604 3046 2651 3110; baseline -0.003 -14"><span class='ocrx_word' id='word_1_466' title='bbox 1604 3048 1821 3106; x_wconf 88' lang='lat' dir='ltr'>timonio,</span> <span class='ocrx_word' id='word_1_467' title='bbox 1855 3063 1997 3110; x_wconf 88' lang='lat' dir='ltr'>quem</span> <span class='ocrx_word' id='word_1_468' title='bbox 2030 3056 2147 3095; x_wconf 87' lang='lat' dir='ltr'>tunc</span> <span class='ocrx_word' id='word_1_469' title='bbox 2176 3046 2494 3103; x_wconf 81' lang='lat' dir='ltr'>Marcianum</span> <span class='ocrx_word' id='word_1_470' title='bbox 2527 3062 2651 3093; x_wconf 83' lang='lat' dir='ltr'>voca-</span> 
     </span>
     <span class='ocr_line' id='line_1_85' title="bbox 1602 3127 2649 3192; baseline -0.001 -16"><span class='ocrx_word' id='word_1_471' title='bbox 1602 3132 1735 3188; x_wconf 86' lang='lat' dir='ltr'>bant,</span> <span class='ocrx_word' id='word_1_472' title='bbox 1770 3144 1889 3176; x_wconf 86' lang='lat' dir='ltr'>usus</span> <span class='ocrx_word' id='word_1_473' title='bbox 1920 3137 1991 3176; x_wconf 90' lang='lat' dir='ltr'>est</span> <span class='ocrx_word' id='word_1_474' title='bbox 2015 3127 2258 3175; x_wconf 85' lang='lat' dir='ltr'>Meursius</span> <span class='ocrx_word' id='word_1_475' title='bbox 2277 3127 2333 3173; x_wconf 92' lang='lat' dir='ltr'>in</span> <span class='ocrx_word' id='word_1_476' title='bbox 2362 3128 2528 3192; x_wconf 81' lang='lat' dir='ltr'>Regu.</span> <span class='ocrx_word' id='word_1_477' title='bbox 2558 3130 2649 3175; x_wconf 82' lang='lat' dir='ltr'>Att-</span> 
     </span>
     <span class='ocr_line' id='line_1_86' title="bbox 1605 3209 2656 3271; baseline -0.002 -14"><span class='ocrx_word' id='word_1_478' title='bbox 1605 3225 1651 3270; x_wconf 88' lang='lat' dir='ltr'>p.</span> <span class='ocrx_word' id='word_1_479' title='bbox 1678 3216 1759 3257; x_wconf 87' lang='grc'><strong>50.</strong></span> <span class='ocrx_word' id='word_1_480' title='bbox 1786 3215 1867 3259; x_wconf 88' lang='grc'><strong>68.</strong></span> <span class='ocrx_word' id='word_1_481' title='bbox 1909 3215 2017 3258; x_wconf 85' lang='grc'><strong>124.</strong></span> <span class='ocrx_word' id='word_1_482' title='bbox 2049 3224 2202 3271; x_wconf 88' lang='lat' dir='ltr'>neque</span> <span class='ocrx_word' id='word_1_483' title='bbox 2224 3209 2389 3257; x_wconf 85' lang='lat' dir='ltr'>omisit</span> <span class='ocrx_word' id='word_1_484' title='bbox 2408 3210 2513 3257; x_wconf 87' lang='lat' dir='ltr'>huc</span> <span class='ocrx_word' id='word_1_485' title='bbox 2534 3224 2656 3271; x_wconf 85' lang='lat' dir='ltr'>spee-</span> 
     </span>
     <span class='ocr_line' id='line_1_87' title="bbox 1606 3289 2653 3353; baseline -0.004 -14"><span class='ocrx_word' id='word_1_486' title='bbox 1606 3291 1757 3339; x_wconf 81' lang='lat' dir='ltr'>tantia</span> <span class='ocrx_word' id='word_1_487' title='bbox 1792 3289 2034 3338; x_wconf 83' lang='lat' dir='ltr'>Eustathii</span> <span class='ocrx_word' id='word_1_488' title='bbox 2083 3292 2222 3337; x_wconf 79' lang='lat' dir='ltr'>verba</span> <span class='ocrx_word' id='word_1_489' title='bbox 2264 3290 2318 3337; x_wconf 89' lang='lat' dir='ltr'>in</span> <span class='ocrx_word' id='word_1_490' title='bbox 2360 3292 2571 3353; x_wconf 66' lang='lat' dir='ltr'>Dionys</span> <span class='ocrx_word' id='word_1_491' title='bbox 2614 3307 2653 3336; x_wconf 79' lang='lat' dir='ltr'>v.</span> 
     </span>
     <span class='ocr_line' id='line_1_88' title="bbox 1607 3372 2654 3421; baseline 0.002 -2"><span class='ocrx_word' id='word_1_492' title='bbox 1607 3378 1718 3419; x_wconf 80' lang='grc'><strong>423.</strong></span> <span class='ocrx_word' id='word_1_493' title='bbox 1793 3372 2145 3420; x_wconf 61' lang='lat' dir='ltr'>Vnam—De</span> <span class='ocrx_word' id='word_1_494' title='bbox 2170 3372 2553 3421; x_wconf 83' lang='lat' dir='ltr'>Atheniensium</span> <span class='ocrx_word' id='word_1_495' title='bbox 2576 3372 2654 3421; x_wconf 86' lang='lat' dir='ltr'>ori-</span> 
     </span>
     <span class='ocr_line' id='line_1_89' title="bbox 1606 3451 2659 3517; baseline 0.002 -18"><span class='ocrx_word' id='word_1_496' title='bbox 1606 3454 1719 3517; x_wconf 88' lang='lat' dir='ltr'>gine</span> <span class='ocrx_word' id='word_1_497' title='bbox 1746 3452 1993 3517; x_wconf 83' lang='lat' dir='ltr'>Pelasgica</span> <span class='ocrx_word' id='word_1_498' title='bbox 2012 3452 2136 3500; x_wconf 85' lang='lat' dir='ltr'>conf.</span> <span class='ocrx_word' id='word_1_499' title='bbox 2155 3451 2240 3501; x_wconf 85' lang='lat' dir='ltr'>lib.</span> <span class='ocrx_word' id='word_1_500' title='bbox 2263 3454 2306 3501; x_wconf 94' lang='lat'>1.</span> <span class='ocrx_word' id='word_1_501' title='bbox 2326 3469 2372 3501; x_wconf 88' lang='lat' dir='ltr'>c.</span> <span class='ocrx_word' id='word_1_502' title='bbox 2400 3458 2483 3503; x_wconf 87' lang='lat'>56.</span> <span class='ocrx_word' id='word_1_503' title='bbox 2509 3464 2559 3502; x_wconf 88' lang='lat' dir='ltr'>et</span> <span class='ocrx_word' id='word_1_504' title='bbox 2576 3452 2659 3501; x_wconf 75' lang='lat' dir='ltr'>alis</span> 
     </span>
     <span class='ocr_line' id='line_1_90' title="bbox 1610 3522 2653 3583; baseline -0.002 -1"><span class='ocrx_word' id='word_1_505' title='bbox 1610 3529 1775 3582; x_wconf 81' lang='lat' dir='ltr'>Nostri</span> <span class='ocrx_word' id='word_1_506' title='bbox 1806 3534 1911 3583; x_wconf 90' lang='lat' dir='ltr'>loca</span> <span class='ocrx_word' id='word_1_507' title='bbox 1942 3535 2007 3583; x_wconf 89' lang='lat' dir='ltr'>ibi</span> <span class='ocrx_word' id='word_1_508' title='bbox 2040 3536 2182 3583; x_wconf 83' lang='lat' dir='ltr'>citata</span> <span class='ocrx_word' id='word_1_509' title='bbox 2212 3522 2267 3581; x_wconf 87' lang='lat' dir='ltr'>in</span> <span class='ocrx_word' id='word_1_510' title='bbox 2302 3534 2491 3583; x_wconf 82' lang='lat' dir='ltr'>Adnot.</span> <span class='ocrx_word' id='word_1_511' title='bbox 2526 3536 2587 3583; x_wconf 84' lang='lat' dir='ltr'>ad</span> <span class='ocrx_word' id='word_1_512' title='bbox 2616 3550 2653 3580; x_wconf 89' lang='lat' dir='ltr'>e.</span> 
     </span>
     <span class='ocr_line' id='line_1_91' title="bbox 1608 3615 2657 3672; baseline -0.002 -6"><span class='ocrx_word' id='word_1_513' title='bbox 1608 3621 1685 3672; x_wconf 84' lang='lat'>56,</span> <span class='ocrx_word' id='word_1_514' title='bbox 1709 3622 1758 3663; x_wconf 92' lang='grc'><strong>8.</strong></span> <span class='ocrx_word' id='word_1_515' title='bbox 1832 3615 1977 3665; x_wconf 87' lang='lat' dir='ltr'>Adde</span> <span class='ocrx_word' id='word_1_516' title='bbox 2003 3618 2081 3664; x_wconf 90' lang='lat' dir='ltr'>De</span> <span class='ocrx_word' id='word_1_517' title='bbox 2106 3617 2153 3665; x_wconf 84' lang='lat' dir='ltr'>la</span> <span class='ocrx_word' id='word_1_518' title='bbox 2176 3621 2348 3667; x_wconf 76' lang='lat' dir='ltr'>Nauxe</span> <span class='ocrx_word' id='word_1_519' title='bbox 2372 3618 2426 3665; x_wconf 91' lang='lat' dir='ltr'>in</span> <span class='ocrx_word' id='word_1_520' title='bbox 2452 3618 2586 3665; x_wconf 86' lang='lat' dir='ltr'>Hist.</span> <span class='ocrx_word' id='word_1_521' title='bbox 2606 3616 2657 3664; x_wconf 86' lang='lat' dir='ltr'>de</span> 
     </span>
     <span class='ocr_line' id='line_1_92' title="bbox 1606 3696 2654 3763; baseline 0 -17"><span class='ocrx_word' id='word_1_522' title='bbox 1606 3698 1803 3747; x_wconf 88' lang='lat' dir='ltr'>l’Acad.</span> <span class='ocrx_word' id='word_1_523' title='bbox 1822 3698 1907 3745; x_wconf 86' lang='lat' dir='ltr'>des</span> <span class='ocrx_word' id='word_1_524' title='bbox 1927 3696 2146 3759; x_wconf 88' lang='lat' dir='ltr'>Inscript.</span> <span class='ocrx_word' id='word_1_525' title='bbox 2174 3698 2233 3746; x_wconf 88' lang='lat' dir='ltr'>T.</span> <span class='ocrx_word' id='word_1_526' title='bbox 2254 3700 2488 3749; x_wconf 86' lang='lat' dir='ltr'>XXIII.</span> <span class='ocrx_word' id='word_1_527' title='bbox 2502 3718 2551 3763; x_wconf 92' lang='lat' dir='ltr'>p.</span> <span class='ocrx_word' id='word_1_528' title='bbox 2576 3701 2654 3747; x_wconf 80' lang='lat'>12⁵</span> 
     </span>
     <span class='ocr_line' id='line_1_93' title="bbox 1608 3780 1827 3843; baseline 0 -16"><span class='ocrx_word' id='word_1_529' title='bbox 1608 3796 1703 3843; x_wconf 81' lang='lat' dir='ltr'>seq.</span> <span class='ocrx_word' id='word_1_530' title='bbox 1780 3780 1827 3827; x_wconf 79' lang='lat' dir='ltr'>S.</span> 
     </span>
    </p>

    <p class='ocr_par' dir='ltr' id='par_1_17' title="bbox 1606 3862 2653 4169">
     <span class='ocr_line' id='line_1_94' title="bbox 1677 3862 2653 3927; baseline -0.001 -17"><span class='ocrx_word' id='word_1_531' title='bbox 1677 3868 1751 3910; x_wconf 89' lang='lat'>10.</span> <span class='ocrx_word' id='word_1_532' title='bbox 1781 3862 2100 3924; x_wconf 69' lang='grc' dir='ltr'>οὖνομαζόμινοι</span> <span class='ocrx_word' id='word_1_533' title='bbox 2140 3862 2348 3927; x_wconf 66' lang='lat' dir='ltr'>Kgaevoeoi]</span> <span class='ocrx_word' id='word_1_534' title='bbox 2382 3863 2463 3912; x_wconf 77' lang='lat' dir='ltr'>Jo-</span> <span class='ocrx_word' id='word_1_535' title='bbox 2496 3864 2653 3911; x_wconf 81' lang='lat' dir='ltr'>Metu·-</span> 
     </span>
     <span class='ocr_line' id='line_1_95' title="bbox 1606 3940 2651 4003; baseline 0.002 -13"><span class='ocrx_word' id='word_1_536' title='bbox 1606 3942 1748 4001; x_wconf 86' lang='lat' dir='ltr'>sium,</span> <span class='ocrx_word' id='word_1_537' title='bbox 1767 3944 1871 3989; x_wconf 84' lang='lat' dir='ltr'>haec</span> <span class='ocrx_word' id='word_1_538' title='bbox 1891 3942 1996 3989; x_wconf 89' lang='lat' dir='ltr'>loco</span> <span class='ocrx_word' id='word_1_539' title='bbox 2018 3957 2115 3988; x_wconf 91' lang='lat' dir='ltr'>non</span> <span class='ocrx_word' id='word_1_540' title='bbox 2140 3957 2229 3988; x_wconf 86' lang='lat' dir='ltr'>suo</span> <span class='ocrx_word' id='word_1_541' title='bbox 2243 3940 2459 4003; x_wconf 79' lang='lat' dir='ltr'>deposita</span> <span class='ocrx_word' id='word_1_542' title='bbox 2470 3945 2651 3991; x_wconf 66' lang='lat' dir='ltr'>ubim-</span> 
     </span>
     <span class='ocr_line' id='line_1_96' title="bbox 1606 4023 2651 4089; baseline -0.002 -16"><span class='ocrx_word' id='word_1_543' title='bbox 1606 4034 1729 4083; x_wconf 89' lang='lat' dir='ltr'>tum,</span> <span class='ocrx_word' id='word_1_544' title='bbox 1752 4024 1805 4072; x_wconf 89' lang='lat' dir='ltr'>in</span> <span class='ocrx_word' id='word_1_545' title='bbox 1826 4024 2043 4073; x_wconf 84' lang='lat' dir='ltr'>ordinem</span> <span class='ocrx_word' id='word_1_546' title='bbox 2071 4023 2352 4071; x_wconf 84' lang='lat' dir='ltr'>Gronovius</span> <span class='ocrx_word' id='word_1_547' title='bbox 2380 4024 2540 4089; x_wconf 57' lang='lat' dir='ltr'>coegit</span> <span class='ocrx_word' id='word_1_548' title='bbox 2559 4025 2651 4087; x_wconf 84' lang='lat' dir='ltr'>jus-</span> 
     </span>
     <span class='ocr_line' id='line_1_97' title="bbox 1606 4106 2651 4169; baseline -0.004 -14"><span class='ocrx_word' id='word_1_549' title='bbox 1606 4106 1812 4167; x_wconf 73' lang='lat' dir='ltr'>tissime5</span> <span class='ocrx_word' id='word_1_550' title='bbox 1838 4106 1950 4158; x_wconf 80' lang='lat' dir='ltr'>addi</span> <span class='ocrx_word' id='word_1_551' title='bbox 1973 4115 2209 4167; x_wconf 80' lang='lat' dir='ltr'>potuerat,</span> <span class='ocrx_word' id='word_1_552' title='bbox 2232 4106 2365 4169; x_wconf 86' lang='lat' dir='ltr'>quod</span> <span class='ocrx_word' id='word_1_553' title='bbox 2392 4106 2651 4154; x_wconf 79' lang='lat' dir='ltr'>Bouherius</span> 
     </span>
    </p>
   </div>
  </div>
 </body>
</html>
