2817 4800
853 302 960 350 AD
993 299 1380 361 HERODOT.
1422 301 1580 353 vl11.

113 455 310 503 vous-iam
335 455 443 520 (lin.
477 451 582 514 10.)
610 468 708 501 non
739 460 810 500 est
841 461 950 500 ante
970 453 1070 510 hos,
1093 451 1176 504 ned

107 546 230 584 ante
264 551 345 584 eas
381 551 470 594 res,
507 551 616 598 quse
659 535 1004 586 describuntur.
1051 533 1169 582 vid.

67 663 74 672 ,
105 617 197 665 lib.
242 617 341 666 VI.
377 623 456 665 46.
493 625 542 664 et
572 615 698 664 alibi.
773 615 956 664 Ultima
995 613 1178 662 oraculi

111 699 227 763 (lin.
273 699 373 761 13.)
409 701 616 762 ἰριτμοῖσι
649 697 836 763 φςίξονη
849 695 1065 760 jumnda
1091 696 1166 744 cl.

109 779 355 828 Kiihnius
376 788 426 827 et
456 779 552 826 leni
585 779 822 826 medicina
849 778 1080 840 reparavit
1111 775 1192 826 ad·

111 863 330 910 Pausan.
355 859 439 908 lib.
469 861 512 908 Ῑ.
541 876 582 907 c.
623 865 667 908 2.
703 863 910 925 ign-puin
943 859 1168 926 φρύξουσις

105 952 300 990 tantam
320 941 539 990 videlicet
558 925 816 999 remorum,
841 941 902 988 ad
925 940 1174 989 Coliadem

105 1025 398 1088 ejectorum,
411 1024 629 1072 futuram
645 1022 1000 1080 abundantiam,
1013 1031 1070 1069 ut
1081 1020 1176 1068 illis

105 1106 241 1152 inter
271 1104 552 1152 torrendum
588 1103 812 1152 mulieres
853 1104 926 1150 uti
966 1111 1172 1163 possent·

112 1188 288 1242 Quam
319 1185 512 1248 quidem
545 1201 688 1246 opem
723 1183 938 1242 Codices,
985 1185 1172 1241 Strabo,

109 1266 500 1328 Eustathiusque
530 1275 764 1323 recusant,
789 1279 890 1312 non
911 1263 1172 1320 infitiaturi,

107 1349 264 1394 modo
296 1345 472 1404 liceret,
507 1347 684 1412 φρύγειν
715 1350 902 1412 ῧρετμοῖς
947 1345 1202 1394 matronis·

105 1428 330 1488 adprime
381 1425 648 1484 convenire,
711 1428 904 1492 peis-vsa»
967 1429 1171 1493 ign-pede,

105 1509 198 1558 etsi
237 1508 571 1556 meticulosum
601 1510 692 1555 hoc
727 1523 896 1570 genus,
930 1508 1172 1571 quidpiam

107 1590 324 1638 arcessiti
375 1597 516 1652 atque
567 1587 858 1636 incommodi
913 1588 1168 1650 pffldere.

111 1673 248 1718 Haec
268 1687 356 1732 pro
379 1669 596 1730 Kiihnio,
631 1671 791 1718 vineta
823 1686 932 1718 mea
967 1671 1170 1718 caedens.

113 1755 280 1800 XVnss.

179 1841 258 1883 15.
337 1833 552 1888 Κωλιάδες
607 1832 652 1883 ἳὶ
707 1839 910 1897 γυναῖκες
965 1837 1174 1900 {perpolite

111 1915 326 1981 φρίξουσι]
367 1915 534 1964 Remis
553 1919 801 1965 horrebunt
824 1915 1051 1962 mulieres
1073 1916 1174 1964 Co-

109 1997 302 2055 liades;
349 2011 412 2043 an
452 1997 634 2044 Horret
663 1996 846 2058 capillis
877 2005 934 2044 ut
966 1996 1178 2044 marinus

109 2080 294 2140 asperis
319 2078 536 2126 Echinus
557 2088 642 2126 aut
665 2079 884 2126 Laurens
909 2079 1054 2139 aper?
1075 2093 1176 2124 non

109 2161 301 2222 opinor.
374 2160 641 2208 Lenissima
659 2159 780 2207 mihi
801 2175 993 2223 quoque
1022 2159 1177 2220 placet

115 2242 314 2290 Kiihnii
378 2243 618 2300 correctio,
685 2241 886 2305 legentis
951 2242 1175 2307 φρύξαντα

109 2339 240 2388 quse,
281 2323 511 2386 Berglero
529 2325 738 2384 probata,
767 2321 964 2370 Reiskio
983 2337 1172 2386 quoque

112 2406 244 2453 venit
277 2403 335 2451 in
364 2414 586 2460 mentem,
618 2404 832 2468 aliisque.
907 2404 1074 2455 Remis
1105 2404 1172 2451 sic

112 2502 294 2545 usurae,
331 2486 593 2535 secundum
631 2486 905 2544 Kiihnium,
952 2485 1177 2535 mulieres

114 2568 349 2617 dicuntur
368 2575 424 2615 ut
443 2568 710 2633 φρνγίηοις,
729 2567 964 2616 ffietoriis.
990 2567 1177 2632 Φρύγιε,

117 2650 358 2697 Latinum
378 2658 450 2695 est
467 2648 656 2713 frigere,
679 2648 742 2697 de
762 2663 858 2712 quo
889 2650 955 2697 N.
997 2649 1170 2695 Heins-

116 2732 215 2795 egit
252 2729 323 2778 ad
368 2729 508 2778 ovid.
533 2729 740 2777 -Medic.
792 2729 953 2777 Faciei
995 2744 1041 2775 v.
1093 2732 1170 2777 70.

117 2812 622 2877 Vnncn-ogdzwm,
647 2828 676 2859 a
697 2809 979 2859 doctissimis
999 2808 1176 2856 duum-

114 2894 227 2941 viris
259 2892 672 2949 commendatum,
707 2906 821 2939 cum
857 2890 1095 2939 Schaefero
1129 2900 1176 2938 et

119 2973 398 3023 Borheckio
417 2974 702 3035 adoptarunt
723 2973 865 3021 etiam
889 2973 1065 3021 Jacobs
1102 2972 1178 3036 (in

121 3055 329 3117 Atticis)
363 3064 410 3102 et
447 3054 618 3103 Schulz
651 3056 702 3101 in
739 3052 978 3102 Herodoti
1024 3053 1177 3101 Bellis

121 3137 361 3194 Persicis;
420 3136 564 3197 quod,
610 3146 668 3183 ut
707 3134 934 3183 audacius
975 3135 1173 3194 factum,

115 3219 301 3282 quippe
335 3218 643 3265 consentienti
685 3217 915 3265 librorum
960 3217 1177 3265 omnium

118 3316 216 3348 non
239 3298 392 3347 modo
417 3298 816 3355 Herodoteorum,
834 3298 918 3345 sed
937 3298 1178 3347 Strabonis

117 3382 282 3441 etiam,
325 3383 464 3444 (teste
500 3379 740 3441 Lipsiensi
777 3380 1018 3428 Strabonis
1057 3380 1178 3428 Edi-

118 3474 233 3519 tore,
270 3463 358 3510 lib.
401 3462 501 3510 lx.
540 3478 586 3522 p.
627 3461 764 3523 376.)
798 3462 1066 3510 auctoritati
1105 3478 1178 3511 re-

118 3558 363 3609 pugnans,
395 3544 463 3591 sic
497 3552 546 3591 et
579 3542 756 3607 alioqui
785 3559 954 3605 parum
987 3545 1179 3592 consul·

119 3636 242 3683 tum,
260 3635 391 3675 certe
401 3626 683 3688 neutiquam
694 3627 1008 3674 necessarium
1018 3626 1176 3685 fuisse,

119 3707 171 3756 in
194 3709 319 3758 Var-
349 3708 482 3755 Lect-
511 3707 611 3772 (ed.
644 3705 720 3767 S.)
743 3706 804 3755 ad
827 3709 874 3755 h.
910 3708 945 3755 1.
982 3708 1179 3756 demon-

122 3788 284 3837 stravi.
359 3788 599 3836 Ceterum
633 3788 686 3835 in
727 3788 1004 3836 memoriam
1047 3804 1180 3835 revo-

123 3879 196 3917 cat
238 3869 392 3931 hujus
440 3869 651 3918 vaticinii
699 3868 983 3931 amphibolia
1035 3868 1203 3930 istud„

123 3952 265 4015 cujus
289 3949 596 4013 Thucydides
615 3952 698 4000 lib.
726 3952 754 3999 Ι
761 3952 802 3999 Ι.
829 3967 870 3999 c.
897 3955 976 3999 53.
1011 3951 1179 3999 memi-

128 4032 216 4079 nit.
297 4032 346 4079 S.

2178 281 2311 368 385'

1237 453 1368 520 χοῦν]
1399 453 1611 512 Fretum,
1644 453 1729 503 ubi
1759 469 1843 503 rex
1865 469 2087 520 aggerem
2119 445 2286 500 molie-

1235 535 1389 594 batur,
1413 546 1569 584 artum
1588 536 1795 584 maxime
1815 545 1929 594 erat,
1955 537 2046 584 ἴσον
2060 534 2304 592 ’aeratus

1237 615 1444 664 duorum
1466 616 1648 664 circiter
1680 615 1951 670 stadiorum,
1986 615 2039 662 in
2064 616 2279 662 Strabon-

1235 697 1315 744 lib.
1347 698 1449 744 IX.
1475 713 1521 758 p.
1550 701 1661 747 605.
1686 715 1733 745 Α.
1756 701 1825 762 (p.
1848 700 1959 746 395.
1980 713 2023 744 n.
2044 695 2118 743 ed.
2144 693 2299 755 Cas-Y
2358 725 2365 736 x

1236 777 1474 836 arbitrato,
1506 779 1559 827 id
1590 779 1775 827 consilii
1809 793 1969 842 regem
1990 777 2152 824 animo
2172 783 2285 823 ante

1226 856 1402 908 navale
1422 861 1641 922 praelium
1663 859 1878 924 agitasse,
1902 871 2009 924 qun
2030 867 2083 906 et
2114 855 2285 907 Ctesias

1241 941 1370 988 Pers.
1399 957 1439 988 c.
1469 948 1547 989 26.
1574 941 1751 1003 opinio.
1822 941 1980 988 Wrss.

1303 1023 1424 1068 CAr.
1456 1021 1720 1071 XCVIII.
1748 1027 1793 1070 2.
1822 1020 1981 1074 θύη-ὂν
2002 1020 2103 1086 ἱὸνε]
2142 1019 2287 1069 Sicci-

1237 1117 1298 1150 ne
1318 1117 1431 1150 vero
1450 1100 1639 1150 nunciis
1661 1101 1743 1150 his'
1772 1101 1975 1150 Persicis
2002 1100 2124 1148 nihil
2154 1117 2295 1164 mors·

1235 1187 1326 1232 tale
1357 1183 1591 1232 celerius?
1625 1201 1687 1233 an
1717 1199 1781 1231 ne
1812 1184 2045 1232 columban
2086 1182 2293 1246 quidem-

1235 1264 1491 1313 velociores
1522 1275 1677 1314 essent
1712 1265 1975 1322 censendae,
2020 1263 2193 1326 quibus
2234 1271 2285 1310 et

1235 1346 1348 1393 olim
1373 1347 1435 1394 ad
1456 1347 1735 1396 domesticos
1766 1341 2077 1408 deportandas
2106 1343 2295 1392 litteras·

1233 1427 1523 1492 alligabant;
1558 1446 1653 1492 qua
1684 1429 1745 1477 de
1774 1445 1827 1476 re
1860 1429 2063 1476 Casaub.
2100 1426 2199 1490 egit
2228 1425 2297 1476 in'

1240 1511 1417 1558 Atheni
1442 1511 1541 1559 lx.
1566 1527 1606 1558 c.
1630 1517 1704 1559 11.
1723 1509 2005 1576 (Animadv.
2024 1507 2077 1554 in
2098 1509 2293 1556 Athen.-

1239 1593 1302 1641 Τ.
1340 1593 1401 1639 V.
1429 1609 1623 1656 nuperae
1643 1593 1755 1641 edit.
1782 1608 1829 1653 p.
1860 1587 1993 1652 178.)
2019 1583 2283 1638 Lerissima

1235 1675 1499 1723 mutatione
1531 1689 1619 1734 pro
1649 1674 1805 1724 θνητὸν
1838 1669 2039 1720 libenter
2078 1669 2284 1733 corrige-

1235 1771 1338 1802 rem
1371 1757 1523 1810 a'mii‘ov,
1559 1754 1656 1800 sive
1688 1753 1943 1819 ἀνδςωπῆΐον
1974 1752 2050 1799 iis.
2122 1749 2293 1798 Unius·

1236 1851 1429 1896 ponam,
1463 1833 1566 1881 aliis
1598 1833 1783 1888 omissa,
1812 1833 1873 1880 de
1900 1830 2067 1878 iisdem
2086 1829 2283 1892 loquen-

1237 1916 1297 1964 tis
1321 1914 1655 1975 Xenophontis
1674 1916 1815 1960 verba
1834 1921 1931 1978 Kvg.
1958 1909 2093 1958 Παιδ.
2118 1908 2279 1956 VIII.

1239 2013 1289 2058 p.
1323 2002 1432 2053 137,
1468 1999 1545 2044 35.
1584 1996 1651 2044 tw
1685 2015 1737 2056 γε
1772 1995 1855 2042 ez·
1888 1992 2149 2056 ἀνθρωπίνων
2170 1990 2285 2054 aaz?

1240 2079 1408 2143 τοςειῦν
1460 2075 1580 2129 αὕτη
1634 2075 1841 2137 ταχίστη
1898 2075 2027 2122 τοῦτο
2090 2069 2279 2122 effinxer-

1243 2159 1469 2208 Aliorum
1490 2157 1551 2204 de
1572 2157 1645 2204 his
1664 2156 1769 2203 loca
1798 2155 2032 2202 dederunt
2068 2151 2275 2200 Brisson.

1238 2240 1299 2288 de
1333 2239 1489 2303 Regu.
1532 2239 1664 2286 Pers.
1700 2253 1748 2300 p.
1792 2243 1900 2287 190.
1920 2247 1968 2284 et
1994 2232 2184 2284 Stanlei.
2214 2233 2279 2282 ad

1241 2323 1457 2386 AEschyli
1488 2323 1617 2371 Pers.
1650 2338 1694 2370 v.
1732 2325 1857 2388 247,
1886 2319 2165 2368 Herodotus
2192 2332 2282 2384 ιω,-

1238 2406 1346 2468 pius
1367 2406 1625 2471 ἅνθρυτέὶὶυ
1644 2403 1843 2466 scripsit,
1864 2418 2007 2465 quam
2024 2400 2285 2466 &regnintum

1243 2489 1371 2537 Cum
1391 2488 1466 2535 his
1491 2486 1692 2535 Persicis
1711 2500 1921 2535 cursores
1948 2484 1997 2530 in
2029 2482 2157 2531 ludis
2191 2483 2285 2529 At-

1237 2569 1357 2625 ticis,
1400 2569 1557 2617 facem
1596 2568 1853 2624 ardentem,
1898 2566 1997 2613 sive
2048 2562 2281 2625 lampada,

1238 2650 1327 2697 sibi
1341 2650 1547 2697 invicem
1562 2633 1812 2705 tradentes,
1830 2654 2071 2707 comparat
2094 2645 2281 2695 Herod.
2329 2648 2333 2667 ‘

1241 2730 1350 2795 (lin.
1405 2736 1467 2778 10
1507 2732 1631 2792 seq.)
1677 2729 1815 2791 cujus
1854 2728 1995 2774 verba
2037 2724 2169 2772 dedit
2205 2724 2291 2772 Jo.

1241 2813 1425 2861 Mem-s-
1482 2810 1533 2857 in
1593 2810 1679 2857 Gr.
1745 2808 1851 2855 Fer.
1910 2820 2010 2854 voe.
2066 2806 2281 2865 Anna-de.

1241 2878 1599 2940 Vincxl—Nil
1618 2906 1737 2951 opus
1758 2897 1858 2937 erat
1877 2902 1963 2935 cur
1988 2888 2150 2933 vocab.
2176 2888 2285 2936 Sm-

1241 2976 1312 3023 τὸν
1343 2974 1421 3020 hic
1452 2973 1807 3029 sollicitaretur3
1840 2984 1991 3033 quum
2024 2966 2285 3029 praesertim
2386 2998 2391 3001 -

1237 3054 1444 3102 dubitari
1492 3053 1661 3100 merito
1713 3052 1872 3113 possit,
1926 3066 1989 3097 an
2054 3046 2273 3096 Herodot

1229 3138 1334 3201 jam
1365 3144 1501 3184 aetate
1532 3136 1764 3183 columbis
1804 3133 1878 3181 ad’
1907 3126 2288 3191 transportandas

1239 3218 1397 3266 literas
1418 3217 1493 3264 usi
1514 3217 1610 3265 sint
1630 3216 1866 3263 nonnulli.
1942 3216 1989 3263 S·

1307 3305 1354 3349 5.
1379 3299 1513 3347 iar-roe
1534 3319 1583 3347 τι
1606 3300 1685 3347 καὶ
1708 3300 1809 3364 ἀνὴρ
1832 3298 2125 3363 τεταγμένος]
2157 3296 2292 3345 Laui

1241 3381 1382 3429 dibus
1407 3382 1705 3429 Gronovium
1727 3381 1843 3437 fero,
1876 3379 2182 3440 amplioribus
2212 3394 2289 3425 or-

1239 3472 1456 3520 naturus,
1479 3462 1624 3511 modo
1648 3462 1892 3510 Brissonio
1913 3470 1961 3509 et
1986 3460 2193 3509 Stanleio
2208 3474 2289 3506 eo·

1241 3544 1444 3593 miorem
1464 3560 1565 3593 sese
1587 3544 1885 3607 praestitisset.
1958 3542 2141 3589 Neuter
2156 3540 2289 3587 sche-

1242 3628 1326 3675 das
1359 3626 1599 3675 Herodoti
1636 3636 1799 3673 manu‘
1826 3633 2037 3672 exaratas
2078 3636 2287 3669 versave-

1243 3718 1346 3767 rat3
1386 3718 1437 3756 et
1477 3708 1869 3770 vituperabuntur
1912 3707 1995 3752 ob·
2017 3718 2204 3761 vocum,
2238 3702 2291 3749 in

1247 3791 1399 3839 Mss.
1441 3790 1746 3846 latitantium,
1788 3778 2141 3851 ignorantiam?
2188 3785 2291 3833 Vo-

1244 3888 1322 3921 ces
1341 3874 1464 3921 bene
1495 3872 1763 3926 redierunt:
1802 3867 2067 3930 clariusque
2098 3880 2292 3915 cursum

1244 3955 1390 4012 hunc,
1422 3954 1561 4018 cujus
1596 3954 1751 4014 Cyrus
1780 3958 1945 3997 auctor
1974 3956 2023 3995 et
2060 3948 2295 4003 inventor,

1245 4046 1505 4096 exponunt.
1578 4032 1829 4081 Videndus
1876 4030 2084 4079 Brisson.
2128 4030 2288 4090 Regu.

195 4114 322 4161 CAP.
352 4113 584 4162 XCVII.
611 4121 657 4163 6.
685 4116 829 4179 χὸμα
853 4116 1050 4181 imagi-‘ro
1085 4114 1179 4163 Bm-
1250 4116 1379 4167 PerS.
1403 4116 1485 4165 lib.
1518 4117 1559 4164 I.
1588 4120 1697 4163 238.
1726 4122 1773 4162 et
1798 4114 1871 4163 Μ.
1904 4113 2104 4161 Paullus
2135 4113 2295 4159 Vene-

195 4194 325 4241 Von.
356 4194 454 4243 IV.

1161 4198 1260 4246 50
