2817 4800
536 673 538 679 ,
587 567 592 574 ’
655 583 1094 675 GLOSSAE
1147 581 1889 676 HERODOTEAE‚

1161 768 1291 808 SIVE

189 905 664 980 ΛΕΞΙΚΟΝ
718 877 946 979 ΤΩΝ
995 902 1713 980 ἨΡΟΔΟΤΕΙΩΝ
1769 907 2220 983 ΛΕΞΕΩΝ.

465 1091 572 1140 Ex
609 1091 892 1142 comen
929 1065 1561 1142 mamo‘rHECAE's.
1594 1092 1949 1142 GERMAM

1155 1259 1266 1293 CUM

549 1391 752 1440 PETRI
782 1391 1223 1439 WESSELINGII
1256 1394 1867 1443 ADNOTATIONIBUS.

125 1746 198 1822 C
213 1771 330 1820 UM
365 1769 604 1819 Herodoti
637 1769 799 1818 Musae
833 1743 938 1836 (⁸10⁰
953 1769 1180 1833 praefatus
1245 1769 1653 1822 Montefalconius
1716 1778 1965 1826 ostem-vit
2048 1777 2279 1827 Biblioth.

117 1863 196 1902 est
224 1850 627 1914 Wnssnuuams)
659 1851 754 1899 alio
775 1865 991 1900 sermone
1015 1862 1072 1899 ac
1103 1865 1177 1898 re-

117 1934 254 1998 liqui
303 1935 584 1982 Graecorum
627 1931 914 1988 fabulentur,
955 1943 1054 1978 non
1105 1929 1177 1978 ini

119 2017 295 2064 sollers
322 2013 757 2064 Grammaticorum
777 2026 892 2060 cura
921 2011 984 2060 ad
1015 2011 1177 2073 expla-

116 2097 344 2146 nandum
364 2095 530 2145 defuit.
591 2093 762 2143 Suidas
783 2093 1002 2142 meminit
1030 2095 1177 2142 ''ru-o-

117 2179 368 2241 μνημοίτων
393 2179 445 2230 εἷς
472 2173 690 2242 ‘Restant
709 2172 919 2222 Sallustii
945 2173 1177 2235 Sophistae

115 2270 168 2309 et
197 2258 413 2306 Heronis
439 2257 587 2305 Attici
615 2255 854 2313 Rhetoris,
883 2253 1167 2319 argumenti,

114 2339 196 2389 uti
221 2339 443 2401 suspicor,
478 2337 628 2386 critici
649 2347 696 2384 et
716 2333 940 2384 historici.
1007 2333 1169 2383 Phile-

117 2436 323 2469 monem
373 2418 753 2468 Grammaticum
796 2418 850 2464 in
893 2418 1172 2479 Συμμίκτοις

117 2518 224 2551 non
245 2501 522 2549 dissimilem
536 2496 796 2548 instituisse
816 2510 1022 2562 operam,
1051 2490 1174 2546 Por-

117 2582 292 2645 phyrio
353 2582 534 2637 Quaest.
589 2582 792 2636 Homer.
840 2576 1004 2627 v111.
1044 2578 1176 2627 haud

115 2674 302 2713 temere
355 2656 615 2711 credimus.¹
683 2660 943 2723 Apollonii,
1007 2658 1175 2707 itidem

125 2744 458 2802 Grammatici,
479 2744 735 2805 Ἐξηγῆσιις
759 2738 972 2804 aynan&
1003 2738 1170 2805 ‘agazz-

119 2846 204 2876 τον
233 2824 459 2873 indicavit
493 2832 544 2873 et
575 2822 821 2884 exscripsit
853 2820 1174 2884 Etymologus

115 2907 170 2955 in
198 2907 347 2971 Κωφός
371 2916 419 2953 et
441 2904 678 2967 Σοφιστής.
744 2904 870 2959 Quae
895 2900 1089 2965 quidem
1111 2900 1174 2948 ad

116 2998 332 3035 nostram
375 2987 420 3051 si
459 2984 758 3034 devenissent
796 2992 998 3039 aetatem‚
1038 2982 1172 3030 flocci

118 3085 223 3117 non
243 3068 451 3116 facerem
469 3063 694 3133 'H30351r0i1
729 3063 881 3125 Λίξίις,
917 3067 980 3112 ob
1007 3064 1173 3112 Oculos

117 3150 200 3197 hic
231 3148 436 3211 positas3
472 3146 648 3211 quippe
675 3146 881 3209 jejunas,
916 3142 1173 3205 saepissime

119 3230 319 3289 alienu,
344 3240 392 3277 et
414 3244 512 3277 non
527 3236 777 3290 nunquam
798 3224 1000 3273 insulsas
1021 3234 1070 3273 et
1090 3226 1172 3272 ab·

118 3310 303 3359 surdaS.
377 3307 711 3364 Memorantur
749 3304 800 3354 in
840 3303 1012 3369 indice·
1028 3302 1173 3369 legati

127 3390 336 3441 Antonii
361 3390 572 3452 Eparchi
597 3390 656 3438 T.
687 3388 729 3437 1.
760 3389 874 3437 Var-
907 3388 1032 3436 Sacr.
1058 3402 1167 3451 pag.

120 3478 240 3523 528.
278 3472 443 3533 steph.
475 3466 726 3518 Monachii
765 3468 902 3529 Λίξος
945 3467 1174 3535 ‘Redi-rav

119 3554 358 3619 icen-ogone),
381 3539 500 3615 {luas
519 3567 548 3599 a
583 3550 754 3598 nostris
779 3550 986 3597 diversas
1019 3548 1174 3596 dicere

120 3651 222 3682 non
261 3632 432 3682 audeo.
505 3630 702 3680 Primus
733 3632 824 3679 hoc
860 3630 1078 3678 Lexicon
1111 3644 1170 3678 ex

122 3714 288 3765 codice
337 3711 558 3763 Goldasti
593 3712 810 3777 vulgavit
857 3713 920 3761 G.
961 3708 1170 3775 Junger-

122 3812 349 3854 mannus,
389 3794 627 3859 digestum
667 3795 794 3842 κατὰ
831 3797 1046 3855 στοιχεῖον
1077 3793 1174 3839 sive

121 3879 390 3927 litterarum
411 3874 642 3930 ordinem,
667 3872 936 3939 cujusmodi
959 3872 1176 3935 exempla

125 3974 188 4007 ex
209 3956 584 4018 locupletissima
619 3956 914 4003 Francorum
945 3954 1072 4018 regis
1103 3954 1174 4002 bi-

1246 1853 1443 1902 Coislin.
1464 1870 1511 1915 p.
1540 1859 1650 1902 484.
1656 1888 1671 1913 ,
1694 1853 1981 1915 descriptum
2004 1859 2139 1907 nulla
2158 1860 2286 1908 litte-

1239 1949 1401 1981 rarum
1440 1931 1701 1995 primorum
1733 1935 1872 1992 serie,
1901 1933 1985 1982 sed
2018 1933 2284 1982 secundum

1243 2013 1518 2074 Librorum,
1540 2015 1591 2062 in
1612 2028 1817 2078 quorum
1842 2015 1959 2064 olim
1993 2014 2285 2078 marginibus

1239 2095 1344 2142 istae
1363 2095 1549 2159 glossas,
1572 2111 1845 2144 numerum.
1882 2116 1887 2120 ·
1918 2095 1999 2144 Ex
2030 2097 2125 2144 oris
2155 2097 2285 2144 enim

1245 2175 1481 2224 Codicum
1502 2192 1578 2224 res
1608 2177 1783 2226 clamat
1813 2187 2054 2239 excerptas
2085 2193 2199 2235 esse,
2235 2187 2285 2226 et

1244 2255 1441 2304 Schedae
1460 2256 1719 2305 ostendunt
1741 2257 1987 2306 Eminent.
2056 2258 2285 2308 cardina-

1235 2335 1294 2383 lis
1319 2331 1575 2386 passionei.
1640 2339 1825 2386 Nactus
1846 2339 1969 2387 illud
1990 2339 2149 2402 ipsum
2172 2353 2297 2388 sum·

1241 2416 1316 2467 el.
1337 2420 1675 2482 Capperonerii
1694 2420 2039 2469 humanissima
2058 2438 2201 2484 opera
2222 2438 2282 2471 ex

1243 2499 1472 2549 Biblioth.
1504 2502 1551 2549 S.
1585 2498 1833 2559 Germani,
1864 2502 1913 2550 in
1941 2518 2087 2566 quam
2115 2504 2285 2553 coisli-

1239 2581 1431 2629 nianam
1464 2582 1689 2647 migrasse
1720 2592 1891 2632 notum
1923 2592 2018 2644 est;
2043 2584 2283 2651 ‚dignum-

1238 2678 1332 2725 que
1353 2664 1518 2711 censui
1530 2666 1621 2711 hoc
1634 2665 1754 2723 loco,
1772 2674 1879 2713 tum
1894 2668 2026 2729 quod
2045 2666 2095 2713 in
2112 2669 2282 2729 priore,
2304 2656 2310 2661 ’

1238 2757 1297 2789 ex
1329 2740 1493 2789 codice
1520 2742 1755 2801 Goldasti,
1776 2760 1913 2792 voces
1933 2748 1993 2793 ab
2014 2746 2120 2794 aliis
2150 2748 2285 2811 inpe-

1235 2820 1326 2869 rite
1344 2822 1521 2869 avulsae
1542 2832 1811 2883 cernantur,
1833 2834 1940 2873 tum
1961 2827 2189 2889 quoniam
2210 2828 2282 2877 lo-

1236 2902 1474 2964 cupletius
1510 2902 1791 2965 adparuerit,
1828 2916 1877 2953 et
1912 2898 2074 2954 Suidae
2116 2908 2277 2971 Hesy-

1235 2982 1439 3045 chioque
1488 2982 1772 3048 plerumque
1822 2987 2099 3035 conveniat:
2165 3004 2281 3036 nam

1236 3068 1450 3127 uterque,
1492 3064 1577 3112 ille
1618 3064 1869 3127 praecipue,
1915 3066 2069 3117 simile
2112 3072 2281 3129 Λιξικὺ

1235 3152 1552 3206 usurparunt3
1586 3160 1742 3207 neque
1762 3147 1867 3211 ejus
1886 3164 2031 3196 usum
2051 3152 2283 3200 recusavit

1240 3223 1456 3305 Timaeus
1475 3224 1525 3271 in
1548 3241 1636 3273 suo
1659 3225 1921 3285 Platonico,
1958 3228 2137 3277 nedum
2160 3246 2279 3292 prae-

1237 3316 1310 3354 ter
1345 3314 1524 3354 ceteros
1559 3320 1725 3353 omnes
1778 3308 1841 3355 G.
1884 3309 2157 3369 Corinthus,
2193 3312 2277 3359 sed

1237 3403 1362 3450 saepe
1381 3386 1535 3447 turpis
1554 3383 1779 3434 socordiae
1800 3404 1924 3437 reus.
1998 3390 2114 3439 Non
2146 3392 2278 3451 libet,

1239 3468 1332 3515 nisi
1372 3468 1455 3515 ubi
1491 3466 1781 3529 quatuorviri
1822 3468 1875 3515 in
1907 3469 2000 3517 alia
2032 3480 2165 3529 eunt,
2198 3488 2280 3520 eos

1238 3564 1432 3611 operose
1484 3547 1546 3595 ad
1588 3555 1744 3608 partes
1784 3563 1963 3597 vocare.
2039 3552 2281 3599 sectiones

1236 3628 1481 3685 librorum,
1514 3628 1578 3677 ad
1598 3644 1715 3692 quas
1746 3629 1923 3679 scholia
1944 3632 2179 3693 pertinere
2210 3634 2285 3681 vi.

1236 3710 1427 3769 dentur,
1450 3719 1506 3758 ut
1526 3708 1769 3773 quaerendi
1785 3709 1918 3759 labor
1937 3722 2279 3773 amputaretur,

1238 3790 1479 3853 adscripsi.

1308 3871 1436 3921 Haec
1454 3868 1843 3922 Wzsstnmcxus‘.
1870 3872 2033 3931 Nobis,
2058 3874 2286 3939 quoniam

1241 3954 1361 4003 etin
1385 3953 1499 4002 Var.
1519 3952 1653 4002 Lect.
1680 3954 1775 4017 (ed.
1800 3954 1877 4017 S.)
1892 3965 1940 4005 et
1960 3957 2010 4006 in
2034 3956 2291 4005 Adnotati.

94 4094 96 4099 λ
126 4038 368 4089 bliotheca
391 4039 440 4085 et
459 4038 732 4085 monasterii
756 4037 804 4084 S.
832 4034 1043 4099 Remigii
1061 4035 1184 4083 inter
1248 4036 1423 4085 onibus
1443 4035 1645 4084 subinde
1664 4034 1727 4083 ad
1753 4034 1947 4087 Glossas
1966 4038 2103 4085 hasce
2129 4038 2291 4085 Hero-

133 4136 306 4169 manus
360 4127 488 4167 sunt.
562 4120 632 4166 At
675 4117 809 4167 aliud
852 4118 925 4165 vir
965 4117 1184 4181 egregius
1249 4118 1410 4166 doteas
1450 4118 1589 4181 (quas
1628 4115 1709 4165 ille
1750 4117 2019 4181 Adpendici
2056 4118 2116 4167 ad
2150 4134 2292 4167 suum
